4459 6067
873 909 1151 991 Hyrcano
1184 913 1496 978 tribueret.
1569 915 1726 996 ‚Tota
1761 913 2171 990 paragraphus
2207 915 2273 975 in
2298 914 2450 977 duas
2473 920 2683 992 partes
2707 919 2910 992 potest
2935 915 3224 995 disiungi:
3264 916 3461 980 altera
3484 917 3580 979 cui
3612 915 4007 995 praescripta,

878 1032 1032 1093 quae
1068 1016 1245 1078 modo
1283 1017 1480 1093 attuli,
1519 1015 1728 1077 addita
1766 1023 1924 1092 sunt,
1964 1016 2042 1079 de
2079 1017 2408 1095 privilegiis
2444 1018 2593 1097 agit,
2633 1033 2788 1093 quae
2823 1016 3100 1094 Hyrcano
3138 1019 3380 1096 eiusque
3415 1018 3623 1081 liberis
3661 1019 3809 1082 dats
3845 1025 4007 1093 sunt,

877 1119 1088 1205 altera.
1127 1136 1282 1196 qnae
1321 1121 1591 1198 sequitur
1625 1137 1782 1183 nexu
1804 1122 2234 1184 sententiarum
2256 1124 2434 1199 plane
2461 1123 2813 1199 interrupto,
2852 1122 3117 1184 continet
3148 1122 3446 1198 epitomen
3471 1121 3699 1184 decreti
3738 1123 4008 1200 alicuius,
4047 1133 4061 1143 ·

872 1220 937 1283 in
987 1223 1154 1285 cuius
1207 1229 1484 1285 naturam
1536 1224 1871 1286 accuratius
1924 1224 2334 1301 inquirendum
2391 1230 2502 1286 est.
2609 1223 3028 1286 Mendelssohn
3066 1242 3127 1301 p.
3157 1229 3273 1286 205
3301 1241 3424 1300 eqs.
3478 1224 3819 1301 suspicatus
3871 1233 4009 1289 erat

874 1323 990 1389 bac
1026 1327 1407 1403 paragrapho
1446 1328 1735 1389 contineri
1774 1327 2366 1403 senatusconsultum,
2405 1327 2562 1402 quod
2602 1326 2824 1389 iactum
2864 1333 3028 1389 esset
3066 1342 3145 1389 a.'
3166 1325 3321 1402 mla
3361 1327 3585 1407 legatis
3623 1326 3703 1389 ab
3728 1327 4007 1408 Hyrcano

878 1427 1128 1490 Romam
1166 1428 1383 1491 missis.
1461 1429 1708 1491 Iudeich
1743 1447 1887 1491 vero
1923 1448 1984 1507 p.
2017 1435 2128 1492 126
2168 1429 2608 1507 praepositione
2646 1431 2805 1507 2060.-
2841 1436 2984 1492 ante
3003 1429 3296 1510 Ὑρκανόν
3335 1430 3536 1494 deleta
3563 1431 3867 1494 contendit
3903 1432 3939 1511 5
3968 1437 4006 1495 3

877 1531 1165 1601 contineri
1207 1532 1521 1608 epistulam
1562 1532 1840 1594 Caesaris
1877 1533 2123 1593 Romam
2175 1533 2412 1595 missam
2426 1577 2445 1605 ,
2497 1549 2615 1610 qna
2654 1532 3102 1608 magistratibus
3139 1533 3421 1596 Romanis
3458 1532 3895 1607 mandavisset,
3935 1540 4006 1596 ut

875 1634 1063 1711 ipsius
1120 1635 1382 1698 edictum
1435 1636 1499 1697 in
1554 1636 1847 1712 Capitolio
1899 1640 2189 1711 ponerent
2243 1641 2305 1697 et
2360 1636 2599 1714 legatos
2613 1681 2632 1712 ‚
2689 1652 2838 1712 quos
2897 1635 3210 1713 Hyrcanns
3264 1639 3343 1700 ad
3400 1636 3677 1700 senatum
3713 1636 4006 1700 missurus

882 1742 1075 1811 esset,
1130 1737 1402 1800 omnibns
1455 1737 1775 1801 honoribus
1827 1735 2168 1801 afficiendos
2220 1742 2516 1799 curarent.
2611 1737 2732 1799 Sed
2785 1739 3292 1816 praepositionem
3348 1742 3507 1819 πρός
3543 1744 3685 1802 ante
3715 1738 4009 1820 '‘Ipmdv

879 1841 1068 1907 deleri
1125 1859 1242 1905 non
1303 1846 1400 1904 est
1458 1842 1851 1904 necessarium
1864 1886 1883 1914 ,
1934 1857 2012 1903 ne
2057 1840 2121 1903 id
2180 1842 2415 1903 omnino
2470 1840 2617 1902 ferri
2674 1857 2853 1918 posse
2910 1859 3145 1919 negem.
3225 1843 3377 1904 Nam
3417 1861 3554 1906 mea
3592 1843 3830 1921 quidem
3869 1861 4006 1906 sen-

875 1947 1068 2009 tentia
1103 1946 1252 2008 nihil
1291 1946 1512 2023 obstat,
1552 1962 1627 2008 ne
1662 1951 1939 2022 putemus
1977 1945 2218 2008 honoris
2245 1962 2427 2007 causa
2454 1946 2689 2020 legatos
2729 1945 2808 2006 ad
2835 1943 3179 2022 Hyrcanum
3201 1946 3420 2008 missos
3459 1963 3613 2021 esse,
3651 1948 4008 2024 praesertim

758 2067 778 2079 ⁹
877 2066 1012 2119 cum
1047 2049 1183 2111 illos
1221 2050 1461 2128 legatos
1498 2049 1815 2111 verisimile
1854 2051 1937 2112 sit
1972 2051 2169 2112 iussos
2208 2066 2343 2111 esse
2380 2065 2593 2111 curare
2632 2050 3211 2111 senatusconsultum
3230 2094 3249 2124 ‚
3311 2049 3388 2110 de
3427 2067 3546 2127 quo
3582 2050 3645 2111 in
3682 2050 3796 2113 hoc
3836 2050 4004 2131 frag-

874 2158 1077 2216 mento
1116 2154 1332 2230 agitur,
1367 2153 1430 2215 in
1468 2151 1662 2215 tribus
1686 2153 1866 2215 Asiae
1890 2152 2136 2216 urbibus
2159 2152 2492 2230 ponendum
2511 2152 2551 2213 ¹.
2632 2151 2937 2214 Habemus
2961 2168 3105 2214 vero
3129 2156 3200 2214 ut
3224 2151 3366 2229 quid
3405 2153 3663 2215 sentiam
3700 2154 4006 2232 explicem,

874 2256 939 2319 in
977 2257 1090 2319 hac
1127 2256 1506 2334 paragrapho
1541 2255 1936 2333 stagrnentum
1975 2257 2470 2323 senatusconsulti
2490 2300 2509 2329 ,
2549 2272 2624 2317 ex
2660 2271 2778 2332 quo
2815 2248 3000 2332 legati
3038 2256 3100 2316 in
3141 2255 3432 2318 orientem
3470 2256 3787 2318 mittuntur
3803 2302 3823 2330 ,
3864 2257 4004 2320 dum

871 2360 1136 2439 Hyrcani
1188 2354 1376 2438 legati
1412 2360 1638 2422 Romae
1692 2366 2022 2423 versantur.
2134 2359 2291 2421 Nam
2345 2361 2601 2436 primum
2659 2359 2858 2437 agitur
2916 2359 2993 2422 de
3052 2359 3568 2421 senatusconsulto
3627 2359 3881 2436 quodam
3922 2392 4003 2407 —
4038 2344 4053 2358 κ

874 2465 1073 2542 δόγμα
1124 2481 1361 2541 semper
1411 2456 1985 2526 senatusconsultum
2041 2468 2138 2524 est
2192 2495 2275 2508 —-
2335 2464 2394 2524 in
2434 2463 2732 2539 Capitolio
2771 2468 2836 2523 et
2872 2463 2933 2523 in
2974 2460 3168 2524 tribus
3206 2462 3389 2524 Asiae
3426 2460 3675 2525 urbibus
3711 2462 4006 2540 ponendo,

874 2567 1091 2631 deinde
1127 2567 1368 2629 videtur
1402 2567 1506 2646 agi
1544 2567 1620 2630 de
1656 2566 1997 2643 praeceptis
2032 2575 2163 2637 sote,-
2196 2566 2350 2627 κατὰ
2380 2567 2573 2632 πόλιν
2630 2568 2876 2644 ταμίαις
2931 2565 3093 2628 datis
3151 2597 3228 2610 —
3284 2582 3425 2626 nam
3469 2565 3547 2628 de
3592 2564 4007 2642 quaestoribus

872 2670 1119 2741 urbanis
1155 2669 1534 2747 cogitandum
1574 2687 1708 2731 esse
1747 2686 1981 2743 censeo,
2019 2670 2158 2746 qnia
2194 2669 2348 2730 κατὰ
2383 2671 2571 2731 πόλιν
2608 2668 2695 2731 ibi
2732 2668 2971 2747 legitur,
3011 2660 3366 2745 quamquam
3389 2668 3575 2731 verba
3606 2670 3795 2732 totius
3821 2685 4007 2733 enun-

874 2774 1144 2837 tiationis
1194 2791 1234 2837 a
1295 2772 1560 2836 librariis
1610 2780 1738 2835 tam
1796 2777 2078 2849 corrupta
2126 2778 2297 2846 sunt,
2354 2779 2427 2835 nt
2460 2772 2579 2834 nisi
2616 2771 2907 2838 violenter
2944 2773 3148 2835 sanari
3185 2790 3302 2835 non
3340 2773 3606 2850 possint,
3642 2806 3724 2819 —-
3760 2777 3888 2837 tum
3928 2774 4006 2837 de

873 2879 1091 2956 legatis
1128 2878 1286 2956 (scil.
1325 2877 1612 2955 Hyrcani)
1649 2877 1714 2938 in
1757 2877 2078 2939 amicorum
2113 2875 2432 2940 formulam
2480 2875 2821 2939 referundis
2857 2909 2941 2922 —
2976 2893 3115 2939 nam
3165 2876 3229 2938 id
3277 2881 3424 2954 puto
3462 2877 3662 2941 inesse
3701 2877 3764 2939 in
3803 2875 4007 2942 verbis

872 2988 965 3055 stc
998 3003 1066 3046 τε
1099 2983 1250 3054 τοὺς
1305 2983 1529 3061 φίλους
1579 2978 1971 3057 ἀπενέγκωσι,
2009 2997 2162 3059 quae
2212 2980 2313 3043 vix
2351 2998 2482 3049 cum
2521 2979 2721 3043 verbis
2734 3025 2754 3058 ,
2813 2996 2968 3058 quae
3008 2980 3371 3047 antecedunt
3385 3025 3405 3058 ,
3461 2990 3596 3053 vote
3630 2980 3783 3045 κατὰ
3819 2983 4007 3043 πόλιν
4098 3042 4105 3047 ,
4194 2983 4225 2989 ”

871 3088 1115 3165 ταμίαις
1147 3082 1252 3146 καὶ
1290 3094 1422 3157 τοῖς
1455 3085 1693 3146 τούτων
1729 3081 2096 3163 ἡνωμέναι·
2131 3118 2211 3129 -
2248 3084 2402 3147 haec
2440 3084 2653 3147 ultima
2689 3083 2877 3148 verba
2916 3101 3032 3147 non
3069 3084 3354 3160 intellego
3390 3116 3473 3130 —-
3511 3089 3645 3146 arte
3683 3083 4006 3151 cohaerere

871 3196 1122 3268 possunt
1159 3221 1271 3267 -,
1325 3193 1626 3265 postremo
1685 3186 1786 3249 de·
1820 3190 2065 3249 inuuere
2118 3188 2343 3268 legatis
2398 3188 2521 3250 illis
2573 3186 2790 3249 dando.
2871 3186 3037 3260 Quae
3091 3187 3289 3250 omnia
3325 3188 3389 3249 in
3430 3187 3688 3264 epistula
3726 3188 4008 3253 Caesaris

870 3295 1119 3360 Romam
1156 3293 1342 3355 missa
1379 3290 1564 3355 fuisse
1601 3307 1777 3353 nemo
1815 3290 1994 3353 dicat.
2072 3291 2353 3369 Accedit,
2404 3292 2561 3368 quod
2615 3292 2908 3369 epistulae
2961 3292 3184 3354 nullum
3220 3291 3285 3353 in
3322 3291 3436 3354 hoc
3475 3290 3808 3370 &minente
3846 3293 4008 3357 inest
4060 3297 4083 3301 ”

868 3399 1206 3478 vestigium.
1287 3394 1458 3470 Quod
1497 3412 1630 3457 cum
1669 3399 1898 3456 certum
1933 3395 2017 3456 sit
2051 3411 2162 3457 nos
2198 3394 2261 3455 in
2300 3395 2413 3457 hoc
2449 3393 2785 3474 fragmento
2822 3393 3046 3457 habere
3083 3395 3663 3459 senatusconsultum
3683 3440 3702 3469 ,
3757 3412 4007 3461 necesse

871 3506 969 3572 est
982 3546 1005 3574 .
1042 3507 1113 3563 ut
1148 3517 1224 3562 ex
1258 3497 1460 3561 verbis
1497 3495 1600 3560 καὶ
1637 3495 1806 3572 ξένια
1841 3506 1975 3569 τοῖς
2009 3499 2413 3577 πρεσβευταῖς
2449 3507 2788 3577 παρασχεῖν
2825 3498 3179 3578 colligamus
3217 3499 3428 3561 eodem
3466 3504 3736 3576 tempore
3771 3499 4008 3577 legatos
4046 3512 4053 3516 “

871 3601 1639 3684 HyrcaniRomaefuisse.
1718 3600 1875 3663 Nam
1916 3594 2422 3678 dealiislegatis
2476 3602 2573 3664 hic
2625 3618 2822 3664 sermo
2874 3600 3062 3664 fuisse
3113 3607 3489 3681 nonpotest.
3571 3601 4079 3679 Siigiturhoe.

867 3708 1266 3787 fragmentum
1335 3704 1838 3770 senatusconsulti
1904 3703 2176 3767 omnibus
2246 3704 2514 3772 formulis
2585 3703 2968 3775 sollemnibus
3039 3707 3319 3768 instructi
3380 3723 3514 3769 cum
3572 3705 3773 3782 priore
3831 3687 4008 3770 huius

868 3812 1236 3893 paragraphi
1269 3815 1444 3888 parte
1484 3809 1909 3888 coniungian
1948 3808 2431 3877 verisimillimum
2469 3807 2541 3872 fit
2577 3809 2837 3875 edictum
2867 3809 3149 3878 Caesari!
3187 3809 3267 3873 do
3303 3810 3546 3873 Iudaeis
3584 3827 3641 3874 ι.
3685 3807 3839 3881 mla
3879 3807 4007 3874 sne·

871 3922 1001 3989 tum
1035 3917 1142 3987 illo
1181 3913 1693 3978 senatusconsulto
1737 3928 1880 3981 esse
1932 3911 2357 3979 confirmatum.
2437 3912 3025 3981 Senatusconsultum
3075 3914 3272 3991 ipsum
3320 3912 3560 3976 videtur
3608 3912 3829 3979 factum
3870 3930 4009 3982 σου

871 4018 984 4091 sub
1020 4018 1197 4081 linem
1236 4017 1501 4081 eiusdem
1541 4034 1597 4078 a.
1641 4013 1818 4094 mla,
1858 4015 2118 4080 Caesare
2156 4020 2476 4092 praesente
2513 4033 2593 4079 an
2632 4015 2882 4080 absente
2906 4017 3026 4080 dici
3049 4034 3170 4081 non
3206 4021 3424 4093 potest.
3462 4032 3818 4094 quamquam
3853 4016 4007 4080 illud

872 4122 1134 4186 fortasse
1170 4121 1303 4184 iure
1339 4126 1543 4197 potest
1567 4119 2127 4199 configi-exlosephi
2160 4118 2362 4182 verbis
2398 4120 2539 4182 xlv
2572 4124 2664 4195 10,
2695 4125 2762 4182 1:
2801 4122 3043 4199 Καισαρ
3081 4117 3346 4182 δ’ἕλθὺν
3381 4121 3472 4191 εἰς
3498 4118 3733 4200 Ῥώμην
3767 4118 4013 4199 ἕτοιμος

728 4256 732 4261 ·
872 4220 1625 4306 ἦνπλεῐνὲίᾎφθῦΰῆθ
1659 4224 2025 4301 πολεμήσων
2061 4225 2369 4285 Σκιπίωνι
2420 4219 2525 4283 καὶ
2564 4223 2846 4285 Κάτωνι·
2900 4221 3145 4302 πέμψας
3193 4220 3577 4302 δ’*ἷῂκανὸς
3623 4224 3781 4301 πρὸς
3816 4223 4012 4287 αὐτὸν

871 4330 1196 4411 παρεκάλει
1232 4330 1693 4409 βεβαιώσασθαι
1727 4329 1844 4406 τὴν
1880 4328 2038 4407 πρὸς
2080 4327 2272 4389 αὐτὸν
2309 4329 2525 4407 φιλίαν
2560 4323 2665 4387 καὶ
2703 4329 3085 4407 συμμαχίαν,
3161 4324 3335 4390 uibus
3373 4325 3574 4388 verbis
3614 4324 3791 4389 iidem
3831 4325 4011 4392 abro-

870 4434 1124 4519 gandam
1147 4450 1282 4497 esse
1307 4433 1525 4496 iniuria
1542 4432 1723 4495 Niese
1738 4450 1801 4509 p.
1826 4436 1948 4494 474
1985 4431 2132 4492 mihi
2160 4429 2397 4492 videtur
2434 4430 2675 4498 dixisse.
2754 4429 2911 4497 Nam
2948 4429 3188 4494 etiamsi
3224 4445 3301 4493 ea
3336 4429 3567 4509 legatio
3601 4447 3720 4492 non
3753 4446 4013 4495 comme·

868 4542 1100 4601 morata
1157 4544 1255 4600 est
1308 4538 1372 4599 in
1428 4535 1588 4600 bello
1619 4534 1863 4597 Iudaico
1876 4578 1896 4612 ,
1955 4539 2155 4595 tamen
2219 4534 2508 4609 temporis
2565 4531 2833 4596 definitio
2890 4532 3182 4600 eiusmodi
3218 4536 3346 4610 est,
3393 4538 3464 4595 ut
3500 4532 3817 4615 losephum
3875 4549 4009 4595 eam

1040 4793 1052 4803 ,
1109 4742 1140 4794 1
1184 4743 1282 4797 sal
1319 4746 1451 4796 ante
1486 4735 1545 4796 b
1579 4741 1695 4806 τοῖς
1735 4741 1892 4807 ναοῖς
1928 4735 2223 4804 delendum
2259 4745 2360 4803 eut·
