4459 6067
3196 756 3276 775 ...⁸-

2606 792 2686 849 ee
3956 774 3991 783 ’

2790 905 2869 914 -.—.-

1075 953 1352 1017 pugnans
1390 937 1715 1013 ‘exemplar
1752 937 2101 1000 subiectum’
2142 938 2605 1016 intellegendum
2664 922 2798 1001 esse
2849 939 3176 1016 ‘exemplar
3212 938 3399 1000 oculis
3440 936 3789 1000 subiectum’
3829 939 3974 1000 dicit
3994 983 4012 1015 ,
4067 938 4220 1000 hanc

1077 1058 1247 1102 suam
1286 1040 1644 1101 sententiam
1684 1041 1967 1117 exemplis
1992 1058 2066 1102 ex
2094 1041 2229 1103 aliis
2256 1041 2743 1119 inscriptionibus
2780 1041 3035 1116 sumptis
3076 1038 3425 1101 confirmare
3466 1038 3744 1102 debebat.
3804 1038 3972 1113 Quod
4013 1039 4069 1100 ei
4108 1057 4224 1101 non

1074 1141 1345 1221 contigit.
1427 1141 1751 1204 Refutatur
1788 1148 1984 1205 autem
2027 1144 2132 1205 illa
2170 1143 2410 1205 Nisseni
2449 1144 2753 1204 sententia
2790 1161 2865 1204 ea
2903 1160 2971 1204 re
2985 1187 3003 1219 ,
3066 1142 3223 1219 quod
3263 1141 3635 1204 ‘subiectum'
3675 1141 3974 1203 redditum
4013 1147 4108 1202 est
4147 1139 4224 1202 ab
4258 1152 4263 1158 ·

1070 1246 1401 1321 interprete
1429 1260 1538 1320 per
1560 1244 2022 1325 ὑπεγράφησαν.
2083 1247 2146 1307 Si
2175 1246 2332 1306 enim
2358 1246 2659 1322 interpres
2698 1243 3070 1308 ‘subiectum‘
3116 1245 3448 1321 accepisset
3477 1263 3586 1321 pro
3613 1244 3817 1341 ‘oculis
3856 1241 4223 1318 subiectum’‚

1071 1351 1240 1407 certe
1281 1346 1622 1421 scripsisset
1660 1349 1973 1425 πρόκειται
2013 1347 2109 1409 vel
2147 1345 2565 1409 ὑποτέτακται.
2736 1366 2745 1370 ·

1314 1463 1433 1526 Sed
1485 1464 1637 1526 alias
1690 1482 1790 1527 res
1831 1466 2045 1527 Nissen
2099 1465 2176 1528 ad
2234 1469 2595 1528 sententiam
2634 1484 2805 1528 suam
2846 1438 3349 1542 comprobandam
3387 1464 3606 1526 adfert.
3700 1464 3863 1525 Dicit
3898 1464 4057 1546 enim
4092 1479 4224 1524 ver-

1077 1568 1323 1644 sionem,
1365 1584 1520 1644 quae
1560 1568 1849 1629 sermonis
1886 1570 2089 1647 graeci
2130 1571 2301 1649 leges
2340 1571 2686 1633 notissimas
2720 1569 3052 1643 violaverit,
3095 1586 3248 1645 quae
3290 1574 3500 1642 contra
3537 1566 3851 1629 verborum
3887 1581 4059 1626 usum
4097 1568 4223 1624 tam

1077 1687 1261 1747 saepe
1299 1671 1672 1746 peccaverit,
1728 1685 1767 1730 a
1804 1671 2158 1746 magistratu
2196 1672 2464 1734 Romano
2517 1670 2649 1733 fieri
2689 1690 2804 1734 non
2859 1673 3147 1749 potuisse.
3229 1671 3349 1734 Sed
3387 1671 3500 1731 hoc
3542 1667 3978 1731 diiudicandum
4018 1670 4114 1727 est
4151 1680 4226 1726 ex

1078 1788 1354 1834 sermone
1410 1777 1744 1833 ceterorum
1784 1772 2121 1857 titulorum,
2185 1776 2285 1851 qui
2336 1775 2467 1835 sine
2529 1772 2729 1839 dubio-
2766 1793 2804 1836 a
2842 1775 3129 1836 Romanis
3179 1774 3393 1850 scripti
3443 1778 3600 1835 sunt.
3648 1836 3653 1840 ,
3696 1772 3789 1832 Ex
3843 1767 4225 1831 similitudine

1081 1874 1318 1951 quidem
1361 1873 1682 1936 dictionum
1721 1874 2198 1953 locutionumque
2238 1878 2386 1939 nihil
2425 1878 2515 1965 de.
2540 1878 2656 1940 hac
2692 1894 2762 1939 re
2802 1883 3007 1954 potest
3044 1877 3287 1939 decerni
3307 1923 3324 1954 ,
3366 1878 3506 1953 quia
3544 1874 3732 1938 ceteri
3769 1872 3930 1934 tituli
3969 1877 4033 1933 et
4071 1871 4224 1932 Mon.

1080 1979 1225 2039 Anc.
1271 1977 1424 2038 adeo
1464 1976 1686 2038 diversi
1722 1976 1959 2052 generis
1998 1983 2168 2057 sunt,
2229 1985 2298 2042 ut
2336 1998 2452 2041 non
2492 1966 2622 2042 tam
2662 1997 2737 2042 ex
2771 1978 2956 2042 rebus
2993 1989 3161 2042 recte
3203 1982 3299 2042 vel
3337 1980 3495 2041 falso
3536 1976 3846 2041 translatis
3863 2022 3879 2050 ,
3938 1991 4112 2052 quam
4152 1990 4226 2035 ex

1079 2078 1461 2141 multitudine
1500 2079 1845 2141 mendorum
1885 2085 1950 2140 et
1984 2070 2341 2157 ineptiarum
2401 2081 2466 2144 id
2517 2084 2710 2145 solum
2766 2085 2955 2145 statui
3010 2084 3205 2159 possit
3261 2083 3408 2144 nihil
3460 2099 3571 2144 nos
3608 2079 3923 2157 impedire,
3982 2094 4057 2139 ne
4094 2093 4227 2138 ver-

1081 2181 1309 2243 sionem
1348 2182 1614 2258 ineptam
1659 2180 2042 2258 magistratui
2081 2182 2348 2246 Romano
2386 2182 2740 2247 tribuamus.
2790 2187 2908 2255 „Ac
2945 2186 3168 2247 multos
3218 2202 3292 2247 ex
3330 2166 3451 2247 illis
3488 2185 3700 2246 titulos
3736 2185 3936 2259 inepte
3973 2180 4231 2243 conscri-

1078 2290 1218 2361 ptos
1260 2300 1395 2346 esse
1433 2285 1758 2360 plenosque
1803 2282 2235 2348 latinismorum
2275 2288 2429 2349 satis
2468 2289 2806 2350 ostendisse
2846 2289 2993 2350 mihi
3034 2288 3258 2350 videor.
3326 2286 3577 2348 Accedit
3613 2278 3791 2363 vero·,'
3818 2285 3971 2363 quod
4010 2285 4073 2346 in
4112 2283 4232 2344 illis

1075 2387 1301 2462 titulis,
1368 2405 1500 2449 cum
1542 2402 1780 2462 semper
1818 2386 2062 2448 eaedem
2121 2404 2221 2449 res
2281 2388 2646 2467 eaedemque
2684 2392 2929 2468 ineptae
2988 2391 3279 2453 formulae
3321 2391 3574 2452 redeant
3595 2436 3614 2468 ,
3670 2389 3821 2451 satis
3873 2392 4131 2466 angusta
4169 2392 4233 2448 et

1076 2506 1267 2568 parva
1308 2495 1403 2551 est
1442 2490 1613 2567 copia
1650 2489 1963 2551 verborum
2001 2496 2065 2552 et
2103 2490 2445 2552 dictionum.
2536 2494 2619 2555 At
2656 2494 2813 2557 Mon.
2859 2496 3001 2575 Anc.
3044 2495 3232 2556 multa
3271 2510 3423 2555 nova
3461 2490 3819 2570 insolitaque
3858 2491 4233 2553 continentur

1079 2600 1146 2656 et
1180 2594 1407 2655 multae
1446 2611 1548 2656 res
1585 2593 1980 2655 Romanorum
2018 2593 2296 2671 propriae
2312 2640 2330 2672 ,
2387 2612 2538 2673 quas
2590 2597 2655 2658 in
2705 2614 3041 2660 sermonem
3079 2596 3379 2659 Graecum
3417 2595 3748 2658 transferre
3787 2592 4027 2655 difficile
4079 2597 4229 2654 erat.

1079 2697 1295 2774 Itaque
1334 2695 1455 2759 nisi
1493 2695 1651 2759 forte
1692 2697 1826 2759 aliis
1862 2697 2044 2760 rebus
2082 2697 2471 2777 impedimur,
2526 2701 2937 2781 confugiamus
2976 2699 3056 2762 ad
3096 2700 3259 2762 illam
3301 2697 3596 2761 officinam
3613 2743 3631 2772 ,
3669 2715 3846 2775 quam
3882 2702 4006 2759 tam
4044 2697 4232 2758 multa

1084 2818 1273 2878 prava
1312 2801 1638 2878 protulisse
1663 2803 2167 2880 non-ignoramus,
2207 2820 2401 2881 neque
2441 2805 2809 2866 inveniamus
2861 2804 3204 2866 coniectura
3243 2802 3398 2864 satis
3438 2798 3761 2863 artificiosa
3798 2816 4009 2862 novam
4049 2799 4232 2861 Gala·
4268 2794 4277 2800 ’

1081 2909 1283 2966 tarum
1327 2902 1644 2981 officinam,
1686 2922 1838 2981 quae
1876 2911 2177 2967 certamen
2215 2925 2333 2970 non
2372 2909 2695 2984 gloriosum
2734 2909 2918 2970 iniret
2957 2925 3094 2970 cum
3129 2905 3433 2968 Romanis.

1324 3032 1582 3095 Ceterae
1619 3048 1722 3094 res
1762 3049 1801 3094 a
1838 3032 2091 3096 Nisseno
2145 3034 2389 3098 adlatae
2440 3037 2589 3097 nihil
2635 3037 2857 3099 valent.
2899 3038 3005 3100 Gr.
3052 3042 3147 3114 13,
3169 3032 3235 3098 δ’
3264 3037 3328 3098 in
3385 3036 3587 3113 lapide
3628 3039 3724 3097 est
3760 3042 3869 3112 τῆς
3904 3030 4232 3109 ΓΑ]σί[α]ς,

1084 3152 1219 3197 cum
1278 3135 1584 3213 exemplar
1641 3136 1891 3197 latinum
1941 3133 2169 3199 habeat
2225 3137 2625 3215 pr[ovinci]ae
2678 3140 2880 3202 Asiae.
2982 3138 3319 3202 Secundum
3370 3140 3692 3201 Nissenum
3749 3135 3956 3198 Gallus
4035 3132 4236 3194 omisit

1084 3236 1421 3318 ἐπαρχείας.
1502 3237 1658 3312 Quid
1694 3256 1836 3300 vero
1850 3241 1882 3300 Ρ
1929 3238 2033 3301 Gr.
2082 3246 2175 3316 14,
2191 3244 2230 3299 4
2270 3256 2464 3302 nonne
2517 3239 2728 3304 eodem
2778 3242 2956 3305 modo
3005 3242 3356 3320 interpretis
3396 3240 3781 3321 neglegentia
3819 3239 3898 3300 ad
3936 3237 4237 3306 Γαλατίας

1081 3338 1183 3401 καὶ
1233 3339 1545 3413 Ἱσπανίας
1598 3358 1717 3402 non
1773 3340 2043 3403 additum
2111 3346 2206 3403 est
2281 3340 2605 3422 ἐπαρχείας
2619 3386 2641 3422 ,
2721 3363 3079 3423 quamquam
3147 3347 3282 3408 Lat.
3328 3351 3384 3419 ὅ,
3404 3350 3471 3408 11
3543 3343 3769 3423 legitur
3822 3338 4190 3416 ‘provincias'
4203 3338 4234 3398 ἲ

1083 3443 1187 3505 Gr.
1216 3448 1310 3521 13,
1327 3449 1401 3506 19
1443 3449 1646 3506 autem
1683 3444 1844 3507 idem
1881 3446 2182 3522 interpres
2222 3444 2458 3507 addidit
2495 3444 2938 3527 ἐπα[ρ]χε[εαι].
3002 3447 3169 3521 Quae
3210 3449 3427 3517 omnia.
3446 3452 3553 3509 aut
3589 3443 3904 3521 interpreti
3942 3440 4236 3515 aut1lapi·

1080 3545 1251 3607 cidae
1306 3544 1618 3609 debentur.
1718 3552 1802 3609 Ac
1857 3565 1933 3611 ne
1986 3549 2050 3609 in
2103 3549 2199 3609 tit.
2239 3548 2383 3610 XVI
2405 3554 2501 3626 59,
2529 3549 2703 3611 xvll
2718 3554 2797 3612 23
2838 3550 3080 3628 quidem
3135 3550 3211 3612 ab
3251 3552 3586 3627 interprete
3625 3549 3889 3611 Romano
3924 3545 4003 3606 ad
4057 3542 4237 3605 Asiae

1078 3648 1420 3724 provinciae
1460 3666 1673 3712 nomen
1713 3650 2000 3731 ἑκαρχεία
2037 3651 2311 3713 additum
2352 3659 2449 3715 est
2487 3653 2621 3732 (sed
2659 3652 2737 3714 cf.
2764 3652 2909 3714 XVI
2928 3658 3061 3715 107.
3082 3658 3216 3729 111,
3241 3654 3415 3716 XVII
3434 3654 3560 3731 29).
3640 3652 3744 3713 Sin
3786 3653 3983 3711 autem
4019 3645 4238 3739 Nissen

1078 3756 1257 3828 putat
1295 3752 1534 3814 Gallum
1585 3753 1819 3816 facilius
1859 3754 1962 3816 Gr.
1996 3761 2091 3833 14,
2112 3760 2187 3816 14
2227 3754 2508 3834 Χάλυβες
2561 3754 2825 3818 scribere
2877 3756 3148 3833 potuisse
3205 3745 3334 3833 pro'
3356 3754 3639 3833 Χάρυδες
3676 3769 3855 3831 quam
3890 3751 4236 3823 Romanum,

1081 3853 1438 3917 monendum
1468 3863 1566 3917 est
1589 3855 1894 3935 Charydes
1929 3859 2170 3936 utrique
2195 3858 2427 3934 pariter
2463 3858 2703 3937 ignotos
2742 3858 2949 3937 fuisse,
2990 3857 3288 3937 Chalybes
3324 3874 3468 3920 vero
3503 3857 3742 3934 utrique
3776 3860 3953 3917 notos
3990 3870 4100 3930 per
4135 3852 4236 3914 lit-

1081 3961 1249 4018 teras
1301 3961 1538 4023 tantum
1596 3965 1660 4020 et
1713 3959 1969 4023 fabulas.
2067 3962 2215 4023 Tum
2277 3962 2481 4024 nescio
2538 3962 2833 4040 quomodo
2881 3963 3100 4025 Nissen
3156 3962 3359 4024 dicere
3410 3961 3605 4037 possit
3654 3958 3791 4022 loca
3842 3964 3907 4021 et
3961 3956 4239 4036 regiones

1080 4058 1249 4122 urbis
1286 4061 1514 4123 Romae
1553 4062 1869 4139 interpreti
1904 4063 2091 4126 fuisse
2129 4064 2358 4143 ignota,
2398 4082 2533 4127 cum
2572 4071 2667 4140 11,
2689 4071 2848 4128 8-9
2889 4071 3104 4143 pontes
3123 4063 3411 4127 Mulvium
3434 4066 3497 4123 et
3514 4061 3835 4123 Minucium
3874 4061 4034 4135 (Lat.
4063 4066 4120 4136 4,
4135 4057 4239 4137 20)

1080 4164 1142 4224 in
1170 4180 1505 4227 sermonem
1530 4180 1811 4242 graecum
1835 4182 1950 4227 non
1977 4167 2355 4246 transferret,
2396 4168 2505 4232 sed
2532 4167 3071 4244 circumscriberet,
3113 4185 3246 4231 cum
3284 4166 3572 4243 templum
3596 4165 3811 4227 Martis
3830 4163 4056 4225 Ultoris
4076 4161 4237 4241 (Lat.

1079 4272 1139 4340 4,
1172 4269 1275 4342 25)
1313 4268 1665 4344 simpliciter
1703 4268 1985 4331 redderet
2031 4286 2143 4347 per
2179 4272 2337 4333 ναὸν
2359 4271 2592 4350 ’Ἄρεως
2629 4272 2762 4350 (Gr.
2810 4278 2906 4350 11,
2931 4275 3070 4350 16),
3129 4287 3264 4333 cum
3302 4268 3489 4331 verba
3547 4268 3628 4329 ‘in
3668 4268 3834 4330 curia
3873 4267 4043 4329 Iulia’
4082 4266 4239 4341 (Lat.

948 4399 953 4403 ·
1083 4370 1261 4453 6,18)
1297 4369 1585 4433 redderet
1622 4369 1692 4432 ἐν
1747 4382 1857 4433 τῶι
1910 4376 2354 4452 βουλευτηρίωι
2394 4374 2527 4452 (Gr.
2575 4379 2669 4451 18,
2691 4377 2789 4451 3);
2858 4373 3087 4436 Eodem
3128 4374 3260 4435 iure
3311 4371 3536 4433 addere
3572 4370 3771 4447 potuit
3806 4366 3990 4431 verba
4030 4369 4243 4445 ⁸[iuxta

1019 4480 1029 4490 ·
1080 4471 1295 4548 ae]des
1335 4472 1597 4534 Honoris
1636 4480 1701 4534 et
1736 4473 2012 4536 Vittutis’
2053 4474 2213 4551 (Lat.
2257 4479 2314 4549 2,
2337 4476 2442 4554 29)
2457 4520 2477 4553 ,
2536 4475 2828 4553 ‘pulvinar
2886 4477 2965 4538 ad
3016 4475 3258 4538 circum’
3300 4475 3460 4551 (Lat.
3502 4477 3560 4547 6,
3580 4474 3685 4553 33)
3736 4474 3923 4535 ‘trans
3962 4471 4242 4534 Tiberim’

1075 4573 1239 4650 (Lat.
1262 4578 1319 4652 6,
1340 4579 1447 4652 35)
1488 4576 1711 4637 omissa
1765 4592 1898 4638 esse
1935 4576 1998 4637 ln
2036 4577 2552 4655 interpretatione.
2631 4578 2730 4641 Ad
2764 4578 2916 4640 haec
2956 4577 3155 4640 omnia
3192 4576 3485 4666 vertenda
3521 4593 3640 4638 non
3678 4581 4000 4662 opusflrat
4034 4573 4245 4638 urbem

1072 4676 1268 4752 ipsam
1305 4677 1557 4739 novisse.
1643 4678 1716 4739 Id
1742 4683 1974 4740 tantum
2013 4696 2087 4740 ex
2123 4679 2308 4742 rebus
2347 4681 2470 4742 illis
2508 4682 2746 4744 omissis
2785 4687 3044 4758 apparet
3072 4679 3423 4756 interpretis
3456 4678 3763 4741 consilium
3802 4677 4004 4753 fuisse,
4042 4684 4113 4740 ut
4151 4695 4243 4755 ea,
4270 4711 4277 4717 -

1068 4794 1222 4854 quae
1263 4778 1520 4841 Galatae
1573 4781 1671 4843 vel
1728 4781 1930 4859 potius
1967 4781 2365 4858 provinciales
2405 4782 2627 4845 Graeci
2663 4789 2867 4846 utrum
2904 4782 3134 4845 scirent
3169 4799 3360 4845 necne
3381 4826 3398 4860 ,
3460 4781 3609 4843 nihil
3666 4779 3964 4844 attinebat
3979 4826 3997 4859 ,
4056 4798 4242 4860 quan-
