4459 6067
1975 761 2052 820 ⁹⁴1

450 914 700 976 decreta
738 929 777 972 a
815 928 884 974 se
924 912 1173 973 collecta
1209 912 1270 972 in
1310 912 1651 974 narratione
1690 928 1907 974 causae
1943 911 2296 973 Iudaeorum
2334 910 2681 973 Asianorum
2717 918 2925 974 contra
2963 911 3143 976 urbes
3167 913 3347 987 Asiae
3383 921 3557 978 actae
3596 953 3608 966 ·

445 1015 600 1078 bene
649 1015 1077 1089 ordinaverit⁸‚
1115 1016 1225 1076 illa
1261 1031 1402 1077 vero
1442 1012 1520 1076 ab
1560 1030 1635 1077 ea
1671 1032 1739 1076 re
1779 1014 2013 1076 videtur
2052 1014 2408 1089 discrepare,
2447 1013 2604 1090 quod
2641 1003 2926 1093 Iosephus
2962 1016 3091 1092 ipse
3129 1015 3373 1079 decreta
3409 1034 3555 1082 suae

445 1119 776 1179 narrationi
800 1135 999 1179 rerum
1025 1117 1345 1179 inseruisse
1372 1116 1608 1179 dicitur.
1672 1120 1750 1178 At
1774 1116 1933 1196 fugit
1951 1115 2171 1191 aliquid
2195 1110 2743 1178 Mendelsaobnium.
2782 1101 3058 1179 Nicolaus
3100 1118 3253 1180 euim
3291 1117 3556 1195 decreta,

450 1237 607 1297 quae
646 1220 1004 1301 collegerat,
1060 1220 1123 1281 in
1162 1219 1281 1282 alio
1319 1236 1472 1281 nexu
1511 1220 1939 1281 sententiarum
1979 1218 2301 1295 attulerat,
2354 1216 2418 1278 in
2470 1220 2842 1282 enarratione
2879 1237 3093 1282 causae
3128 1221 3323 1298 illius,
3378 1237 3557 1298 quam

448 1325 654 1387 Iudaei
695 1324 854 1401 apud
882 1325 1201 1402 Agrippam
1240 1328 1451 1385 contra
1468 1324 1650 1384 Asiae
1679 1323 1954 1383 civitates
1979 1318 2255 1396 agebant.
2335 1312 2524 1393 Quam
2549 1338 2788 1383 causam
2826 1329 2951 1383 tam
2987 1323 3221 1399 copiose
3259 1308 3558 1400 enarrare,
3662 1370 3669 1376 .

448 1435 520 1490 ut
559 1428 840 1491 Nicolaus
880 1427 1126 1500 fecerat,
1167 1443 1206 1486 a
1224 1425 1462 1501 Iosephi
1502 1423 1916 1499 archaeologia
1956 1422 2211 1484 alienum
2248 1429 2402 1507 erat.
2482 1424 2691 1499 Itaque
2711 1424 2959 1501 Iosepbo
2998 1425 3239 1486 decreta
3275 1425 3338 1485 in
3377 1426 3559 1488 alium

451 1548 666 1592 nexum
702 1547 899 1592 rerum
940 1527 1254 1590 inserenda
1294 1532 1483 1589 erant.
1566 1526 1730 1599 Quae
1769 1542 1902 1587 cum
1940 1525 2030 1586 ita
2067 1524 2188 1586 sint
2202 1569 2220 1598 ‚
2273 1524 2514 1586 decreta
2550 1528 2814 1602 quamvis
2852 1522 3002 1589 bene
3039 1545 3078 1588 a
3112 1526 3358 1617 Nicolao
3396 1527 3555 1588 ordi-

451 1641 596 1695 nata
654 1636 853 1694 tamen
902 1630 1033 1693 fieri
1085 1631 1308 1707 potuit,
1365 1635 1432 1692 ut
1482 1646 1520 1692 s
1560 1628 1810 1705 losepho
1849 1631 1978 1688 tam
2016 1625 2172 1687 male
2212 1631 2277 1687 et
2313 1625 2514 1703 inepte
2550 1628 2952 1690 insererentur
2965 1674 2985 1705 ,
3041 1632 3111 1690 ut‘
3142 1636 3216 1691 re
3255 1646 3399 1692 vera
3434 1627 3558 1691 fae·

452 1740 580 1797 tum
618 1740 731 1797 est.

692 1835 900 1912 Neque
939 1835 1169 1897 felicius
1193 1835 1455 1908 Iudeicli⁹
1493 1834 1660 1896 cuius
1698 1837 1829 1896 tota
1866 1832 1943 1893 de
1982 1831 2243 1893 decretis
2263 1830 2638 1894 Caesarianis
2676 1833 3014 1911 disputandi
3042 1834 3215 1905 ratio,
3251 1838 3324 1897 ut
3358 1816 3563 1897 verum

455 1939 654 2001 fatear
672 1983 691 2015 ,
749 1938 986 2014 placere
1037 1938 1182 1999 mibi
1234 1954 1350 1998 non
1387 1942 1587 2013 potest
1603 1981 1620 2010 ,
1678 1935 1866 1997 Nieaii
1906 1934 2262 1996 senteutiam
2302 1934 2678 2011 impugnavit.
2757 1936 2909 1998 Nam
2947 1935 3102 2013 quod
3139 1935 3288 1997 dicit
3323 1935 3564 1999 decreta

456 2039 596 2103 xlv
626 2046 683 2115 8,
712 2046 747 2101 δ
789 2047 853 2100 et
888 2038 1029 2100 XIV
1060 2044 1155 2116 10,
1186 2044 1223 2099 2
1262 2039 1459 2100 relata
1506 2036 1623 2099 sibi
1665 2037 1851 2098 videri
1892 2054 1930 2097 a
1969 2036 2220 2113 Iosepho
2259 2037 2387 2113 ipso
2424 2053 2498 2097 ex
2535 2038 2902 2102 Sidoniorum
2958 2038 3267 2101 tabulariis
3314 2024 3564 2116 publicis
3649 2058 3658 2065 ·

459 2146 698 2218 sumpta
738 2158 903 2215 esse,
961 2159 1092 2202 cum
1130 2142 1233 2203 illa
1275 2141 1519 2202 decreta
1556 2139 1793 2228 integra
1831 2142 2070 2210 servata
2110 2144 2343 2215 essent,
2394 2137 2725 2215 fragmenta
2761 2157 2900 2203 vero
2936 2140 3256 2219 Joaeplmm
3290 2140 3566 2204 hausisse

460 2263 536 2306 ex
573 2243 806 2306 Nicolai
846 2244 1195 2305 Damasceni
1234 2242 1423 2320 libris,
1462 2242 1638 2303 inane
1676 2245 1788 2302 est.
1867 2240 2291 2317 Praeterquam
2328 2241 2502 2319 enim,
2541 2242 2697 2319 quod
2734 2243 3050 2305 secundum
3084 2243 3239 2305 hauc
3276 2244 3568 2306 rationem

463 2345 915 2425 argumentandi
943 2345 1238 2421 Iosephus
1275 2361 1466 2421 paene
1506 2345 1702 2404 omnia
1742 2343 1984 2404 decreta
2025 2345 2153 2419 ipse
2192 2360 2264 2404 ex
2291 2332 2603 2406 tabulariis
2626 2342 2876 2421 publicis
2902 2345 3213 2425 collegisse
3240 2345 3567 2409 censendus

463 2454 657 2522 esset,
721 2448 874 2525 quod
936 2447 1171 2523 quidem
1230 2463 1401 2508 nemo
1452 2445 1730 2522 probabit
1745 2490 1763 2522 ,
1822 2463 1937 2506 non
1995 2446 2137 2507 licet
2174 2445 2345 2508 nobis
2385 2448 2627 2509 decreta
2678 2447 2834 2524 apud
2873 2447 3184 2525 Iosephum
3220 2454 3459 2510 servata
3496 2464 3569 2510 eo

464 2552 641 2614 modo
681 2551 1040 2629 disiungere.
1143 2549 1209 2611 Si
1249 2549 1401 2609 enim
1442 2564 1643 2610 eorum
1701 2553 2051 2624 argumenta
2101 2550 2476 2627 respicimus,
2530 2547 2701 2612 nobis
2757 2550 3062 2612 dicendum
3116 2557 3212 2612 est
3263 2541 3459 2614 omnia
3504 2549 3569 2612 in
3637 2542 3647 2557 ‘

462 2654 693 2717 Nicolai
734 2653 1081 2716 collectione
1120 2667 1255 2713 esse
1294 2651 1577 2727 potuisse.
1657 2650 1867 2727 Itaque
1907 2667 2023 2711 non
2066 2658 2177 2727 est,
2218 2670 2324 2715 cur
2362 2670 2476 2715 non
2517 2654 2712 2715 omnia
2752 2670 2825 2715 ex
2861 2652 3087 2715 Nicolai
3123 2651 3295 2715 libris
3333 2659 3570 2729 sumpta
3586 2673 3669 2687 -·*

465 2773 601 2819 esse
647 2761 939 2834 putemus.
1021 2754 1085 2815 Si
1139 2754 1260 2814 alia
1309 2752 1532 2829 magis,
1589 2754 1709 2815 alia
1758 2754 1952 2815 minus
2001 2755 2241 2833 integra
2288 2754 2444 2831 apud
2484 2754 2793 2832 Iosephum
2831 2755 3144 2836 leguntur,
3194 2772 3438 2819 necesse
3477 2759 3573 2817 est
3646 2738 3651 2744 ⁵

464 2859 620 2920 hanc
660 2858 954 2920 diversam
993 2858 1287 2918 rationem
1324 2854 1703 2917 describendi
1741 2856 1923 2919 tribui
1961 2856 2206 2920 Nicolao
2245 2858 2378 2935 ipsi.
2574 2876 2581 2883 ·

704 2962 815 3023 His
839 2958 1050 3023 rebus
1108 2960 1418 3036 explicatis
1476 2959 1731 3036 primum
1786 2962 1863 3022 ad
1916 2961 2154 3040 singula
2213 2961 2467 3024 frustula
2510 2960 2651 3023 XIV
2681 2966 2775 3036 10,
2802 2965 2998 3023 2—10
3053 2966 3293 3024 servate
3349 2963 3575 3025 animos

467 3062 878 3126 advertamus:

441 3211 444 3214 -
703 3166 845 3228 xlv
879 3171 970 3244 10,
997 3169 1033 3226 2
1075 3164 1412 3228 continetur
1464 3165 1721 3241 epistula
1761 3166 2041 3230 Caesaris
2079 3169 2221 3231 dict.
2262 3170 2322 3231 11
2373 3170 2452 3231 ad
2491 3167 2761 3231 Sidonios
2799 3166 2910 3230 sub
2948 3167 3124 3230 finem
3158 3168 3379 3231 mensis
3414 3169 3579 3233 Junii

472 3289 530 3332 a.
575 3268 726 3344 mla
771 3270 929 3333 data.
1024 3268 1132 3331 Cui
1190 3269 1484 3346 epistulae
1543 3269 1807 3332 additum
1863 3276 1961 3333 est
2014 3271 2269 3334 edictum
2325 3272 2629 3347 Caesaris,
2688 3290 2801 3350 quo
2851 3272 3163 3352 privilegis
3211 3273 3580 3351 honoresque
3622 3326 3630 3334 .

472 3372 735 3451 Hyrcani
790 3376 853 3433 et
901 3370 1251 3433 Iudaeorum
1305 3369 1741 3434 confirmantur.
1835 3374 1952 3436 Sed
2010 3374 2182 3437 huius
2211 3375 2412 3437 -edicti
2467 3376 2611 3437 nihil
2658 3375 2739 3438 ibi
2780 3381 2976 3439 exstat
3019 3376 3136 3437 nisi
3171 3375 3578 3453 &sementum

472 3462 673 3540 Verba
728 3476 884 3538 enim
936 3475 1148 3537 ultima
1200 3475 1376 3537 huius
1427 3478 1790 3553 paragraphi
1841 3483 2322 3559 παραχειμασίαν
2358 3478 2401 3557 ἦ
2436 3482 2706 3558 χρήματα
2743 3479 3112 3560 πράττεσθαι
3151 3480 3230 3542 οὐ
3265 3480 3582 3559 domenico,

472 3597 627 3659 quae
666 3596 781 3641 non
818 3577 893 3639 de
933 3577 1217 3639 libertate
1256 3578 1512 3640 omnium
1565 3580 1922 3644 tributorum
1957 3583 2359 3663 intellegenda
2397 3590 2564 3659 sunt,
2618 3589 2688 3645 ut
2722 3582 2880 3674 infra
2917 3583 3253 3662 ostendam,
3291 3584 3582 3661 copiosius

474 3688 827 3759 repetuntur
862 3681 925 3742 in
964 3681 999 3758 ᾖ
1040 3685 1096 3754 6,
1129 3687 1157 3741 1
1201 3680 1342 3741 inde
1383 3698 1422 3741 a
1458 3682 1657 3744 verbis
1693 3682 1796 3745 nui
1833 3685 2001 3758 ὅπως
2035 3685 2249 3766 μηδεὶς
2285 3688 2433 3765 μήτε
2473 3688 2678 3767 ἅρχων
2703 3688 2851 3766 μήτε
2876 3688 3205 3766 στρατηγὸς
3227 3686 3267 3765 ἦ
3292 3690 3585 3767 πρεσβευ-

473 3786 583 3863 τὴς
638 3783 710 3846 ἐν
773 3794 902 3855 τοῖς
961 3783 1130 3862 ὅροις
1187 3792 1310 3843 τῶν
1343 3782 1660 3847 Ἰουδαίων
1718 3797 1976 3870 συνιστᾳ
2035 3791 2149 3867 (sic
2187 3791 2570 3852 Wilamowitz
2606 3807 2717 3867 pro
2756 3788 2986 3870 ἕνιστᾷ)
3035 3794 3378 3870 συμμαχίαν
3429 3788 3586 3870 pud}

482 3887 848 3966 στρατιώτας
872 3885 1000 3967 ἐξιῇ
1038 3885 1151 3961 (sic
1169 3885 1586 3948 Mendelssohn
1606 3893 1671 3950 et
1687 3888 2074 3954 Wilamowitz
2092 3910 2201 3970 pro
2220 3892 2401 3972 ἐξείη)
2438 3895 2512 3955 τὰ
2548 3897 2819 3974 χρήματα
2856 3896 3089 3957 τούτων
3122 3894 3586 3975 εἰσπράττεσθαι

476 3991 517 4069 ἣ
557 3992 646 4061 εἰς
683 3992 1165 4068 παραχειμασίαν
1203 3988 1244 4067 ἢ
1282 3989 1447 4072 ἄλλῳ
1485 3989 1609 4052 τινὶ
1646 3991 1919 4073 ὀνόματι,
1958 3994 2084 4057 ἀλλ’
2128 3993 2287 4058 εἶναι
2325 4000 2713 4078 πανταχόθεν
2749 3997 3247 4078 ἀνεπηρεάστους.
3323 4000 3589 4077 Apparet

477 4094 666 4174 igitur
706 4093 889 4155 etiam
928 4093 1034 4154 illa
1071 4091 1257 4153 verba
1295 4098 1569 4168 spectare
1608 4112 1724 4157 non
1765 4096 1842 4158 ad
1885 4097 2081 4161 officia
2120 4099 2412 4177 quaedam
2451 4101 2729 4178 Hyrcani,
2768 4102 2874 4163 sed
2914 4102 2993 4163 ad
3030 4102 3358 4181 privilegia.
3568 4146 3575 4152 ι

714 4196 854 4259 xlv
884 4202 976 4270 10,
1004 4201 1073 4258 3:
1115 4195 1310 4258 Γαίου
1348 4197 1655 4274 Καίσαρος
1691 4199 1931 4262 ὑπάτου
1980 4201 2317 4282 δεδογμένα
2367 4203 2870 4284 συγκεχωρημένα
2906 4200 3385 4285 nomenoium
3420 4202 3589 4268 δστῑν

479 4301 676 4373 οὕτως
710 4303 927 4381 ἔχοντα
965 4299 1204 4378 integra
1242 4298 1427 4361 verba
1465 4299 1692 4363 decreti
1730 4320 1846 4365 non
1886 4311 2059 4384 sunt,
2112 4308 2218 4369 sed
2261 4308 2510 4385 Iosepho
2547 4308 2822 4371 videntur
2858 4307 3172 4371 tribuenda
3208 4325 3377 4385 οπο,
3415 4325 3591 4385 quem

403 4462 412 4471 .
479 4406 632 4485 fugit
670 4407 988 4470 Caesarem
1024 4405 1260 4467 omnino
1298 4421 1415 4466 non
1453 4404 1638 4466 fuisse
1677 4408 2011 4488 consulem,
2068 4412 2594 4489 cumquivilegis,
2648 4412 2726 4474 de
2776 4411 2987 4490 quibus
3041 4411 3318 4488 deinceps
3369 4413 3592 4493 agitur,

723 4551 3593 4641 1DecretaquidemapudIosXVIQQ'Irelatainillaeollectioneannimlnnonfusrunt,

482 4639 582 4696 sed
618 4656 689 4695 οι
726 4636 956 4693 Nicolao
1009 4653 1078 4691 ee
1129 4644 1348 4710 sumpts
1400 4654 1519 4694 esse
1560 4636 1694 4695 inde
1744 4651 2004 4715 apparet,
2062 4642 2211 4719 quod
2248 4653 2396 4701 totus
2433 4643 2576 4700 liber
2611 4643 2754 4700 XVI
2788 4643 3008 4719 Iosephi
3054 4641 3363 4720 deser-ipru-
3399 4652 3594 4706 estex

480 4716 699 4774 Nicolai
734 4713 906 4818 libris.
986 4712 1186 4788 Itaque
1221 4721 1351 4771 utut
1386 4723 1487 4784 eet,
1525 4718 1691 4772 etiam
1726 4735 1795 4773 ee
1831 4717 2052 4777 decreta
2062 4662 2351 4779 queolaus
2389 4720 2664 4779 attulerat.

2880 4794 3064 4883 ‘la
