<?xml version="1.0" encoding="UTF-8"?>
<!DOCTYPE html PUBLIC "-//W3C//DTD XHTML 1.0 Transitional//EN"
    "http://www.w3.org/TR/xhtml1/DTD/xhtml1-transitional.dtd">
<html xmlns="http://www.w3.org/1999/xhtml" xml:lang="en" lang="en">
 <head>
  <title>
</title>
<meta http-equiv="Content-Type" content="text/html;charset=utf-8" />
  <meta name='ocr-system' content='tesseract 3.04.00' />
  <meta name='ocr-capabilities' content='ocr_page ocr_carea ocr_par ocr_line ocrx_word'/>
</head>
<body>
  <div class='ocr_page' id='page_1' title='image "./sermograecusquo00unkngoog_0106.png"; bbox 0 0 4459 6067; ppageno 0'>
   <div class='ocr_carea' id='block_1_1' title="bbox 720 1117 2932 1263">
    <p class='ocr_par' dir='ltr' id='par_1_1' title="bbox 720 1117 2932 1263">
     <span class='ocr_line' id='line_1_1' title="bbox 720 1117 2932 1263; baseline -0 -25"><span class='ocrx_word' id='word_1_1' title='bbox 720 1163 836 1239; x_wconf 89' lang='lat' dir='ltr'>De</span> <span class='ocrx_word' id='word_1_2' title='bbox 881 1117 1134 1238; x_wconf 79' lang='lat' dir='ltr'>rerum</span> <span class='ocrx_word' id='word_1_3' title='bbox 1184 1163 1574 1258; x_wconf 86' lang='lat' dir='ltr'>gestarum</span> <span class='ocrx_word' id='word_1_4' title='bbox 1625 1155 1785 1233; x_wconf 84' lang='lat' dir='ltr'>divi</span> <span class='ocrx_word' id='word_1_5' title='bbox 1838 1156 2173 1263; x_wconf 80' lang='lat' dir='ltr'>Augusti</span> <span class='ocrx_word' id='word_1_6' title='bbox 2227 1157 2580 1235; x_wconf 80' lang='lat' dir='ltr'>versione</span> <span class='ocrx_word' id='word_1_7' title='bbox 2637 1182 2932 1258; x_wconf 85' lang='lat' dir='ltr'>graeca.</span> 
     </span>
    </p>
   </div>
   <div class='ocr_carea' id='block_1_2' title="bbox 228 1347 3515 4406">
    <p class='ocr_par' dir='ltr' id='par_1_2' title="bbox 269 1347 3402 2146">
     <span class='ocr_line' id='line_1_2' title="bbox 361 1347 3402 1436; baseline -0 -20"><span class='ocrx_word' id='word_1_8' title='bbox 361 1432 367 1436; x_wconf 18' lang='grc' dir='ltr'>Ι</span> <span class='ocrx_word' id='word_1_9' title='bbox 445 1358 452 1363; x_wconf 81' lang='grc'><em>’</em></span> <span class='ocrx_word' id='word_1_10' title='bbox 505 1354 834 1416; x_wconf 86' lang='lat' dir='ltr'>Titulorum</span> <span class='ocrx_word' id='word_1_11' title='bbox 890 1368 1162 1413; x_wconf 88' lang='lat' dir='ltr'>sermone</span> <span class='ocrx_word' id='word_1_12' title='bbox 1201 1350 1564 1428; x_wconf 89' lang='lat' dir='ltr'>perlustrato</span> <span class='ocrx_word' id='word_1_13' title='bbox 1617 1347 1710 1422; x_wconf 88' lang='lat' dir='ltr'>id,</span> <span class='ocrx_word' id='word_1_14' title='bbox 1773 1348 1927 1424; x_wconf 88' lang='lat' dir='ltr'>quod</span> <span class='ocrx_word' id='word_1_15' title='bbox 1980 1350 2042 1409; x_wconf 92' lang='lat' dir='ltr'>in</span> <span class='ocrx_word' id='word_1_16' title='bbox 2091 1350 2394 1425; x_wconf 87' lang='lat' dir='ltr'>prooemio</span> <span class='ocrx_word' id='word_1_17' title='bbox 2446 1348 2712 1412; x_wconf 83' lang='lat' dir='ltr'>breviter</span> <span class='ocrx_word' id='word_1_18' title='bbox 2766 1352 3039 1428; x_wconf 83' lang='lat' dir='ltr'>exposui,</span> <span class='ocrx_word' id='word_1_19' title='bbox 3099 1354 3402 1415; x_wconf 76' lang='lat' dir='ltr'>versiones</span> 
     </span>
     <span class='ocr_line' id='line_1_3' title="bbox 271 1450 3398 1535; baseline -0.001 -14"><span class='ocrx_word' id='word_1_20' title='bbox 271 1476 519 1535; x_wconf 87' lang='lat' dir='ltr'>graecas</span> <span class='ocrx_word' id='word_1_21' title='bbox 573 1476 612 1519; x_wconf 89' lang='lat' dir='ltr'>a</span> <span class='ocrx_word' id='word_1_22' title='bbox 660 1452 1110 1533; x_wconf 87' lang='lat' dir='ltr'>magistratibus</span> <span class='ocrx_word' id='word_1_23' title='bbox 1146 1454 1429 1514; x_wconf 83' lang='lat' dir='ltr'>Romanis</span> <span class='ocrx_word' id='word_1_24' title='bbox 1468 1450 1699 1529; x_wconf 85' lang='lat' dir='ltr'>publice</span> <span class='ocrx_word' id='word_1_25' title='bbox 1753 1468 1885 1513; x_wconf 86' lang='lat' dir='ltr'>esse</span> <span class='ocrx_word' id='word_1_26' title='bbox 1923 1451 2118 1513; x_wconf 78' lang='lat' dir='ltr'>iactas</span> <span class='ocrx_word' id='word_1_27' title='bbox 2135 1495 2153 1524; x_wconf 93' lang='lat'>,</span> <span class='ocrx_word' id='word_1_28' title='bbox 2214 1468 2391 1527; x_wconf 86' lang='lat' dir='ltr'>quam</span> <span class='ocrx_word' id='word_1_29' title='bbox 2444 1454 2698 1514; x_wconf 78' lang='lat' dir='ltr'>maxime</span> <span class='ocrx_word' id='word_1_30' title='bbox 2735 1453 3067 1516; x_wconf 84' lang='lat' dir='ltr'>confirmari</span> <span class='ocrx_word' id='word_1_31' title='bbox 3106 1456 3398 1518; x_wconf 88' lang='lat' dir='ltr'>neminem</span> 
     </span>
     <span class='ocr_line' id='line_1_4' title="bbox 274 1554 3397 1638; baseline -0.001 -16"><span class='ocrx_word' id='word_1_32' title='bbox 274 1564 394 1622; x_wconf 89' lang='lat' dir='ltr'>iam</span> <span class='ocrx_word' id='word_1_33' title='bbox 446 1567 591 1638; x_wconf 90' lang='lat' dir='ltr'>puto</span> <span class='ocrx_word' id='word_1_34' title='bbox 644 1565 1010 1636; x_wconf 80' lang='lat' dir='ltr'>negaturum.</span> <span class='ocrx_word' id='word_1_35' title='bbox 1089 1557 1305 1618; x_wconf 84' lang='lat' dir='ltr'>Restat</span> <span class='ocrx_word' id='word_1_36' title='bbox 1341 1572 1513 1632; x_wconf 87' lang='lat' dir='ltr'>vero,</span> <span class='ocrx_word' id='word_1_37' title='bbox 1591 1560 1657 1617; x_wconf 91' lang='lat' dir='ltr'>ut</span> <span class='ocrx_word' id='word_1_38' title='bbox 1701 1554 2037 1631; x_wconf 85' lang='lat' dir='ltr'>videamus,</span> <span class='ocrx_word' id='word_1_39' title='bbox 2097 1560 2296 1615; x_wconf 87' lang='lat' dir='ltr'>utrum</span> <span class='ocrx_word' id='word_1_40' title='bbox 2357 1573 2559 1616; x_wconf 86' lang='lat' dir='ltr'>rerum</span> <span class='ocrx_word' id='word_1_41' title='bbox 2614 1562 2922 1635; x_wconf 88' lang='lat' dir='ltr'>gestarum</span> <span class='ocrx_word' id='word_1_42' title='bbox 2981 1556 3103 1618; x_wconf 83' lang='lat' dir='ltr'>divi</span> <span class='ocrx_word' id='word_1_43' title='bbox 3143 1557 3397 1638; x_wconf 80' lang='lat' dir='ltr'>Augusti</span> 
     </span>
     <span class='ocr_line' id='line_1_5' title="bbox 269 1656 3396 1737; baseline 0 -14"><span class='ocrx_word' id='word_1_44' title='bbox 269 1663 365 1725; x_wconf 88' lang='lat' dir='ltr'>vel</span> <span class='ocrx_word' id='word_1_45' title='bbox 418 1663 778 1725; x_wconf 81' lang='lat' dir='ltr'>Monumenti</span> <span class='ocrx_word' id='word_1_46' title='bbox 828 1659 1122 1737; x_wconf 75' lang='lat' dir='ltr'>Ancyrani</span> <span class='ocrx_word' id='word_1_47' title='bbox 1139 1704 1158 1733; x_wconf 89' lang='lat'>,</span> <span class='ocrx_word' id='word_1_48' title='bbox 1231 1657 1386 1735; x_wconf 88' lang='lat' dir='ltr'>quod</span> <span class='ocrx_word' id='word_1_49' title='bbox 1439 1665 1683 1719; x_wconf 86' lang='lat' dir='ltr'>vocatur</span> <span class='ocrx_word' id='word_1_50' title='bbox 1705 1703 1723 1732; x_wconf 92' lang='lat'>,</span> <span class='ocrx_word' id='word_1_51' title='bbox 1781 1658 1976 1718; x_wconf 82' lang='lat' dir='ltr'>versio</span> <span class='ocrx_word' id='word_1_52' title='bbox 2034 1674 2254 1733; x_wconf 85' lang='lat' dir='ltr'>graeca</span> <span class='ocrx_word' id='word_1_53' title='bbox 2315 1656 2539 1719; x_wconf 87' lang='lat' dir='ltr'>bomini</span> <span class='ocrx_word' id='word_1_54' title='bbox 2576 1659 2844 1720; x_wconf 89' lang='lat' dir='ltr'>Romano</span> <span class='ocrx_word' id='word_1_55' title='bbox 2857 1704 2876 1733; x_wconf 89' lang='lat'>,</span> <span class='ocrx_word' id='word_1_56' title='bbox 2931 1666 3000 1721; x_wconf 90' lang='lat' dir='ltr'>ut</span> <span class='ocrx_word' id='word_1_57' title='bbox 3039 1660 3251 1723; x_wconf 85' lang='lat' dir='ltr'>Kaibel</span> <span class='ocrx_word' id='word_1_58' title='bbox 3291 1678 3396 1724; x_wconf 86' lang='lat' dir='ltr'>vo·</span> 
     </span>
     <span class='ocr_line' id='line_1_6' title="bbox 273 1758 3398 1841; baseline -0 -14"><span class='ocrx_word' id='word_1_59' title='bbox 273 1765 385 1827; x_wconf 92' lang='lat' dir='ltr'>luit</span> <span class='ocrx_word' id='word_1_60' title='bbox 403 1765 442 1838; x_wconf 86' lang='lat'>¹,</span> <span class='ocrx_word' id='word_1_61' title='bbox 481 1762 797 1827; x_wconf 90' lang='lat' dir='ltr'>tribuenda</span> <span class='ocrx_word' id='word_1_62' title='bbox 835 1763 916 1824; x_wconf 91' lang='lat' dir='ltr'>sit</span> <span class='ocrx_word' id='word_1_63' title='bbox 954 1764 994 1822; x_wconf 88' lang='lat' dir='ltr'>i.</span> <span class='ocrx_word' id='word_1_64' title='bbox 1022 1778 1074 1822; x_wconf 91' lang='lat' dir='ltr'>e.</span> <span class='ocrx_word' id='word_1_65' title='bbox 1114 1767 1313 1822; x_wconf 87' lang='lat' dir='ltr'>utrum</span> <span class='ocrx_word' id='word_1_66' title='bbox 1348 1758 1573 1821; x_wconf 85' lang='lat' dir='ltr'>habeat</span> <span class='ocrx_word' id='word_1_67' title='bbox 1611 1760 1856 1821; x_wconf 87' lang='lat' dir='ltr'>eandem</span> <span class='ocrx_word' id='word_1_68' title='bbox 1911 1762 2195 1837; x_wconf 81' lang='lat' dir='ltr'>originem</span> <span class='ocrx_word' id='word_1_69' title='bbox 2235 1758 2567 1837; x_wconf 89' lang='lat' dir='ltr'>publicam,</span> <span class='ocrx_word' id='word_1_70' title='bbox 2626 1777 2805 1837; x_wconf 83' lang='lat' dir='ltr'>quam</span> <span class='ocrx_word' id='word_1_71' title='bbox 2844 1762 3030 1823; x_wconf 86' lang='lat' dir='ltr'>ceteri</span> <span class='ocrx_word' id='word_1_72' title='bbox 3068 1763 3265 1841; x_wconf 90' lang='lat' dir='ltr'>tituli,</span> <span class='ocrx_word' id='word_1_73' title='bbox 3321 1764 3398 1827; x_wconf 88' lang='lat' dir='ltr'>de</span> 
     </span>
     <span class='ocr_line' id='line_1_7' title="bbox 274 1860 3399 1945; baseline 0.001 -17"><span class='ocrx_word' id='word_1_74' title='bbox 274 1866 487 1945; x_wconf 85' lang='lat' dir='ltr'>quibua</span> <span class='ocrx_word' id='word_1_75' title='bbox 526 1867 638 1943; x_wconf 87' lang='lat' dir='ltr'>egi,</span> <span class='ocrx_word' id='word_1_76' title='bbox 680 1884 775 1942; x_wconf 90' lang='lat' dir='ltr'>an,</span> <span class='ocrx_word' id='word_1_77' title='bbox 815 1871 884 1927; x_wconf 92' lang='lat' dir='ltr'>ut</span> <span class='ocrx_word' id='word_1_78' title='bbox 904 1864 1121 1927; x_wconf 78' lang='lat' dir='ltr'>Nissen</span> <span class='ocrx_word' id='word_1_79' title='bbox 1162 1862 1493 1926; x_wconf 83' lang='lat' dir='ltr'>adfirmavit</span> <span class='ocrx_word' id='word_1_80' title='bbox 1504 1860 1547 1936; x_wconf 80' lang='lat'>²,</span> <span class='ocrx_word' id='word_1_81' title='bbox 1587 1862 1873 1924; x_wconf 79' lang='lat' dir='ltr'>debeatur</span> <span class='ocrx_word' id='word_1_82' title='bbox 1908 1862 2132 1924; x_wconf 85' lang='lat' dir='ltr'>homini</span> <span class='ocrx_word' id='word_1_83' title='bbox 2163 1861 2356 1924; x_wconf 86' lang='lat' dir='ltr'>Gallo.</span> <span class='ocrx_word' id='word_1_84' title='bbox 2414 1862 2571 1924; x_wconf 89' lang='lat' dir='ltr'>Nam</span> <span class='ocrx_word' id='word_1_85' title='bbox 2607 1863 2906 1925; x_wconf 85' lang='lat' dir='ltr'>hominem</span> <span class='ocrx_word' id='word_1_86' title='bbox 2935 1865 3228 1928; x_wconf 86' lang='lat' dir='ltr'>Graecum</span> <span class='ocrx_word' id='word_1_87' title='bbox 3266 1885 3399 1930; x_wconf 83' lang='lat' dir='ltr'>ver·</span> 
     </span>
     <span class='ocr_line' id='line_1_8' title="bbox 275 1964 3400 2045; baseline 0 -13"><span class='ocrx_word' id='word_1_88' title='bbox 275 1970 500 2033; x_wconf 90' lang='lat' dir='ltr'>sionem</span> <span class='ocrx_word' id='word_1_89' title='bbox 538 1986 654 2031; x_wconf 91' lang='lat' dir='ltr'>non</span> <span class='ocrx_word' id='word_1_90' title='bbox 692 1968 907 2030; x_wconf 81' lang='lat' dir='ltr'>fecisse</span> <span class='ocrx_word' id='word_1_91' title='bbox 957 1968 1075 2030; x_wconf 90' lang='lat' dir='ltr'>iam</span> <span class='ocrx_word' id='word_1_92' title='bbox 1116 1965 1541 2028; x_wconf 87' lang='lat' dir='ltr'>demonstravit</span> <span class='ocrx_word' id='word_1_93' title='bbox 1579 1965 1809 2027; x_wconf 86' lang='lat' dir='ltr'>Kaibel.</span> <span class='ocrx_word' id='word_1_94' title='bbox 1888 1964 2007 2026; x_wconf 87' lang='lat' dir='ltr'>Sed</span> <span class='ocrx_word' id='word_1_95' title='bbox 2046 1966 2391 2042; x_wconf 88' lang='lat' dir='ltr'>priusquam</span> <span class='ocrx_word' id='word_1_96' title='bbox 2407 2010 2425 2039; x_wconf 96' lang='lat'>,</span> <span class='ocrx_word' id='word_1_97' title='bbox 2481 1964 2623 2041; x_wconf 88' lang='lat' dir='ltr'>quid</span> <span class='ocrx_word' id='word_1_98' title='bbox 2660 1965 2738 2026; x_wconf 91' lang='lat' dir='ltr'>de</span> <span class='ocrx_word' id='word_1_99' title='bbox 2777 1964 3013 2027; x_wconf 87' lang='lat' dir='ltr'>Nisseni</span> <span class='ocrx_word' id='word_1_100' title='bbox 3073 1968 3400 2045; x_wconf 69' lang='lat' dir='ltr'>interprete</span> 
     </span>
     <span class='ocr_line' id='line_1_9' title="bbox 277 2065 3401 2146; baseline 0 -13"><span class='ocrx_word' id='word_1_101' title='bbox 277 2071 453 2134; x_wconf 89' lang='lat' dir='ltr'>Gallo</span> <span class='ocrx_word' id='word_1_102' title='bbox 491 2069 867 2132; x_wconf 90' lang='lat' dir='ltr'>iudicandum</span> <span class='ocrx_word' id='word_1_103' title='bbox 907 2068 1005 2143; x_wconf 66' lang='lat' dir='ltr'>sit,</span> <span class='ocrx_word' id='word_1_104' title='bbox 1046 2086 1349 2146; x_wconf 87' lang='lat' dir='ltr'>exponam,</span> <span class='ocrx_word' id='word_1_105' title='bbox 1390 2066 1653 2131; x_wconf 89' lang='lat' dir='ltr'>breviter</span> <span class='ocrx_word' id='word_1_106' title='bbox 1677 2065 2001 2145; x_wconf 77' lang='lat' dir='ltr'>explicabo,</span> <span class='ocrx_word' id='word_1_107' title='bbox 2038 2067 2177 2143; x_wconf 88' lang='lat' dir='ltr'>quid</span> <span class='ocrx_word' id='word_1_108' title='bbox 2217 2067 2296 2129; x_wconf 90' lang='lat' dir='ltr'>de</span> <span class='ocrx_word' id='word_1_109' title='bbox 2335 2068 2583 2142; x_wconf 87' lang='lat' dir='ltr'>singulis</span> <span class='ocrx_word' id='word_1_110' title='bbox 2621 2068 2785 2130; x_wconf 90' lang='lat' dir='ltr'>tituli</span> <span class='ocrx_word' id='word_1_111' title='bbox 2824 2067 3094 2146; x_wconf 82' lang='lat' dir='ltr'>partibus</span> <span class='ocrx_word' id='word_1_112' title='bbox 3127 2072 3401 2133; x_wconf 80' lang='lat' dir='ltr'>sentiam.</span> 
     </span>
    </p>

    <p class='ocr_par' dir='ltr' id='par_1_3' title="bbox 228 2170 3515 3791">
     <span class='ocr_line' id='line_1_10' title="bbox 456 2170 3404 2267; baseline 0.001 -33"><span class='ocrx_word' id='word_1_113' title='bbox 456 2220 474 2260; x_wconf 54' lang='lat' dir='ltr'><em>l</em></span> <span class='ocrx_word' id='word_1_114' title='bbox 513 2172 885 2250; x_wconf 77' lang='lat' dir='ltr'>Appendices</span> <span class='ocrx_word' id='word_1_115' title='bbox 927 2172 1150 2233; x_wconf 91' lang='lat' dir='ltr'>latinae</span> <span class='ocrx_word' id='word_1_116' title='bbox 1188 2172 1272 2249; x_wconf 84' lang='lat'>(6,</span> <span class='ocrx_word' id='word_1_117' title='bbox 1290 2174 1549 2243; x_wconf 81' lang='lat'>29-—43)</span> <span class='ocrx_word' id='word_1_118' title='bbox 1590 2170 1733 2253; x_wconf 87' lang='lat' dir='ltr'>mihi</span> <span class='ocrx_word' id='word_1_119' title='bbox 1760 2170 2047 2247; x_wconf 62' lang='lat' dir='ltr'>‚videntur</span> <span class='ocrx_word' id='word_1_120' title='bbox 2071 2170 2272 2233; x_wconf 80' lang='lat' dir='ltr'>iactae</span> <span class='ocrx_word' id='word_1_121' title='bbox 2306 2187 2442 2233; x_wconf 90' lang='lat' dir='ltr'>esse</span> <span class='ocrx_word' id='word_1_122' title='bbox 2471 2170 2561 2267; x_wconf 34' lang='lat' dir='ltr'>ab·</span> <span class='ocrx_word' id='word_1_123' title='bbox 2590 2188 2683 2248; x_wconf 87' lang='lat' dir='ltr'>eo,</span> <span class='ocrx_word' id='word_1_124' title='bbox 2721 2171 2823 2249; x_wconf 87' lang='lat' dir='ltr'>qui</span> <span class='ocrx_word' id='word_1_125' title='bbox 2860 2173 3190 2235; x_wconf 73' lang='lat' dir='ltr'>versionem</span> <span class='ocrx_word' id='word_1_126' title='bbox 3227 2191 3404 2255; x_wconf 82' lang='lat' dir='ltr'>grae-</span> 
     </span>
     <span class='ocr_line' id='line_1_11' title="bbox 277 2272 3410 2356; baseline 0.001 -18"><span class='ocrx_word' id='word_1_127' title='bbox 277 2293 410 2338; x_wconf 89' lang='lat' dir='ltr'>cam</span> <span class='ocrx_word' id='word_1_128' title='bbox 453 2275 598 2337; x_wconf 80' lang='lat' dir='ltr'>fecit</span> <span class='ocrx_word' id='word_1_129' title='bbox 618 2321 635 2352; x_wconf 91' lang='lat'>,</span> <span class='ocrx_word' id='word_1_130' title='bbox 698 2276 836 2350; x_wconf 87' lang='lat' dir='ltr'>quia</span> <span class='ocrx_word' id='word_1_131' title='bbox 857 2318 875 2343; x_wconf 86' lang='lat'>,</span> <span class='ocrx_word' id='word_1_132' title='bbox 911 2277 981 2334; x_wconf 90' lang='lat' dir='ltr'>ut</span> <span class='ocrx_word' id='word_1_133' title='bbox 1018 2273 1081 2333; x_wconf 91' lang='lat' dir='ltr'>in</span> <span class='ocrx_word' id='word_1_134' title='bbox 1119 2272 1387 2334; x_wconf 78' lang='lat' dir='ltr'>versione</span> <span class='ocrx_word' id='word_1_135' title='bbox 1426 2290 1662 2350; x_wconf 87' lang='lat' dir='ltr'>graeca,</span> <span class='ocrx_word' id='word_1_136' title='bbox 1701 2273 1762 2334; x_wconf 91' lang='lat' dir='ltr'>in</span> <span class='ocrx_word' id='word_1_137' title='bbox 1801 2274 1922 2334; x_wconf 89' lang='lat' dir='ltr'>illis</span> <span class='ocrx_word' id='word_1_138' title='bbox 1961 2273 2040 2334; x_wconf 90' lang='lat' dir='ltr'>ad</span> <span class='ocrx_word' id='word_1_139' title='bbox 2079 2275 2532 2350; x_wconf 88' lang='lat' dir='ltr'>computandum</span> <span class='ocrx_word' id='word_1_140' title='bbox 2572 2272 2932 2336; x_wconf 71' lang='lat' dir='ltr'>adhibentur</span> <span class='ocrx_word' id='word_1_141' title='bbox 2963 2274 3193 2338; x_wconf 89' lang='lat' dir='ltr'>denarii</span> <span class='ocrx_word' id='word_1_142' title='bbox 3213 2322 3233 2356; x_wconf 90' lang='lat'>,</span> <span class='ocrx_word' id='word_1_143' title='bbox 3292 2295 3410 2340; x_wconf 88' lang='lat' dir='ltr'>non</span> 
     </span>
     <span class='ocr_line' id='line_1_12' title="bbox 279 2372 3408 2456; baseline 0 -15"><span class='ocrx_word' id='word_1_144' title='bbox 279 2379 562 2442; x_wconf 74' lang='lat' dir='ltr'>sestertii.</span> <span class='ocrx_word' id='word_1_145' title='bbox 624 2377 743 2438; x_wconf 87' lang='lat' dir='ltr'>Sed</span> <span class='ocrx_word' id='word_1_146' title='bbox 772 2376 866 2437; x_wconf 85' lang='lat' dir='ltr'>vix</span> <span class='ocrx_word' id='word_1_147' title='bbox 883 2372 1152 2436; x_wconf 66' lang='lat' dir='ltr'>‚dubitari</span> <span class='ocrx_word' id='word_1_148' title='bbox 1190 2379 1409 2450; x_wconf 89' lang='lat' dir='ltr'>potest,</span> <span class='ocrx_word' id='word_1_149' title='bbox 1451 2376 1592 2451; x_wconf 88' lang='lat' dir='ltr'>quin</span> <span class='ocrx_word' id='word_1_150' title='bbox 1630 2375 1789 2438; x_wconf 89' lang='lat' dir='ltr'>haud</span> <span class='ocrx_word' id='word_1_151' title='bbox 1827 2394 2018 2453; x_wconf 88' lang='lat' dir='ltr'>pauca</span> <span class='ocrx_word' id='word_1_152' title='bbox 2057 2376 2315 2453; x_wconf 74' lang='lat' dir='ltr'>lapicida</span> <span class='ocrx_word' id='word_1_153' title='bbox 2354 2378 2416 2438; x_wconf 92' lang='lat' dir='ltr'>in</span> <span class='ocrx_word' id='word_1_154' title='bbox 2454 2378 2550 2439; x_wconf 82' lang='lat' dir='ltr'>his</span> <span class='ocrx_word' id='word_1_155' title='bbox 2589 2376 3014 2453; x_wconf 83' lang='lat' dir='ltr'>appendicibus</span> <span class='ocrx_word' id='word_1_156' title='bbox 3051 2381 3408 2456; x_wconf 84' lang='lat' dir='ltr'>peccaverit.</span> 
     </span>
     <span class='ocr_line' id='line_1_13' title="bbox 276 2476 3410 2557; baseline 0.001 -14"><span class='ocrx_word' id='word_1_157' title='bbox 276 2483 369 2543; x_wconf 88' lang='lat' dir='ltr'>Ea</span> <span class='ocrx_word' id='word_1_158' title='bbox 403 2498 563 2557; x_wconf 89' lang='lat' dir='ltr'>vero,</span> <span class='ocrx_word' id='word_1_159' title='bbox 604 2496 756 2556; x_wconf 88' lang='lat' dir='ltr'>quae</span> <span class='ocrx_word' id='word_1_160' title='bbox 796 2479 1089 2540; x_wconf 87' lang='lat' dir='ltr'>intersunt</span> <span class='ocrx_word' id='word_1_161' title='bbox 1120 2477 1277 2538; x_wconf 90' lang='lat' dir='ltr'>inter</span> <span class='ocrx_word' id='word_1_162' title='bbox 1309 2476 1693 2553; x_wconf 87' lang='lat' dir='ltr'>appendicem</span> <span class='ocrx_word' id='word_1_163' title='bbox 1725 2495 2004 2557; x_wconf 82' lang='lat' dir='ltr'>graecam</span> <span class='ocrx_word' id='word_1_164' title='bbox 2044 2483 2107 2540; x_wconf 91' lang='lat' dir='ltr'>et</span> <span class='ocrx_word' id='word_1_165' title='bbox 2146 2485 2405 2541; x_wconf 84' lang='lat' dir='ltr'>ceteram</span> <span class='ocrx_word' id='word_1_166' title='bbox 2432 2485 2668 2557; x_wconf 90' lang='lat' dir='ltr'>partem</span> <span class='ocrx_word' id='word_1_167' title='bbox 2698 2480 3002 2555; x_wconf 76' lang='lat' dir='ltr'>versionis,</span> <span class='ocrx_word' id='word_1_168' title='bbox 3040 2483 3138 2543; x_wconf 81' lang='lat' dir='ltr'>vix</span> <span class='ocrx_word' id='word_1_169' title='bbox 3173 2482 3410 2547; x_wconf 79' lang='lat' dir='ltr'>efficere</span> 
     </span>
     <span class='ocr_line' id='line_1_14' title="bbox 277 2580 3515 2664; baseline -0 -16"><span class='ocrx_word' id='word_1_170' title='bbox 277 2590 543 2663; x_wconf 84' lang='lat' dir='ltr'>possunt,</span> <span class='ocrx_word' id='word_1_171' title='bbox 581 2589 650 2646; x_wconf 91' lang='lat' dir='ltr'>ut</span> <span class='ocrx_word' id='word_1_172' title='bbox 689 2583 764 2644; x_wconf 92' lang='lat' dir='ltr'>de</span> <span class='ocrx_word' id='word_1_173' title='bbox 802 2581 923 2643; x_wconf 88' lang='lat' dir='ltr'>alio</span> <span class='ocrx_word' id='word_1_174' title='bbox 961 2581 1289 2656; x_wconf 86' lang='lat' dir='ltr'>interprete</span> <span class='ocrx_word' id='word_1_175' title='bbox 1327 2580 1591 2656; x_wconf 88' lang='lat' dir='ltr'>cogitare</span> <span class='ocrx_word' id='word_1_176' title='bbox 1625 2580 1963 2644; x_wconf 86' lang='lat' dir='ltr'>debeamus.</span> <span class='ocrx_word' id='word_1_177' title='bbox 2026 2580 2090 2644; x_wconf 86' lang='lat' dir='ltr'>Si</span> <span class='ocrx_word' id='word_1_178' title='bbox 2118 2582 2338 2644; x_wconf 90' lang='lat' dir='ltr'>dicitur</span> <span class='ocrx_word' id='word_1_179' title='bbox 2370 2588 2552 2660; x_wconf 83' lang='lat' dir='ltr'>18,1s</span> <span class='ocrx_word' id='word_1_180' title='bbox 2590 2585 2703 2644; x_wconf 74' lang='grc' dir='ltr'>τὸν</span> <span class='ocrx_word' id='word_1_181' title='bbox 2727 2583 2927 2661; x_wconf 70' lang='grc' dir='ltr'><strong><em>δῆμον</em></strong></span> <span class='ocrx_word' id='word_1_182' title='bbox 2961 2582 3407 2664; x_wconf 48' lang='lat' dir='ltr'>coffinum,</span> <span class='ocrx_word' id='word_1_183' title='bbox 3506 2584 3515 2596; x_wconf 84' lang='lat'><strong><em>&#39;</em></strong></span> 
     </span>
     <span class='ocr_line' id='line_1_15' title="bbox 282 2680 3409 2768; baseline 0 -19"><span class='ocrx_word' id='word_1_184' title='bbox 282 2687 498 2749; x_wconf 86' lang='lat' dir='ltr'>ceteris</span> <span class='ocrx_word' id='word_1_185' title='bbox 533 2687 681 2747; x_wconf 87' lang='lat' dir='ltr'>locis</span> <span class='ocrx_word' id='word_1_186' title='bbox 712 2685 753 2763; x_wconf 76' lang='grc' dir='ltr'><strong><em>ἡ</em></strong></span> <span class='ocrx_word' id='word_1_187' title='bbox 784 2684 1120 2762; x_wconf 58' lang='lat' dir='ltr'>eumn-:og</span> <span class='ocrx_word' id='word_1_188' title='bbox 1148 2680 1250 2743; x_wconf 72' lang='lat' dir='ltr'>nal</span> <span class='ocrx_word' id='word_1_189' title='bbox 1278 2681 1314 2744; x_wconf 79' lang='grc' dir='ltr'><strong>ὁ</strong></span> <span class='ocrx_word' id='word_1_190' title='bbox 1344 2681 1538 2760; x_wconf 72' lang='grc' dir='ltr'><strong><em>δῆμος</em></strong></span> <span class='ocrx_word' id='word_1_191' title='bbox 1568 2692 1691 2743; x_wconf 75' lang='grc' dir='ltr'>τῶν</span> <span class='ocrx_word' id='word_1_192' title='bbox 1706 2681 2032 2762; x_wconf 79' lang='grc' dir='ltr'><em>Ῥωμαίων,</em></span> <span class='ocrx_word' id='word_1_193' title='bbox 2069 2685 2390 2747; x_wconf 88' lang='lat' dir='ltr'>tenendum</span> <span class='ocrx_word' id='word_1_194' title='bbox 2429 2693 2526 2747; x_wconf 90' lang='lat' dir='ltr'>est</span> <span class='ocrx_word' id='word_1_195' title='bbox 2560 2685 2659 2748; x_wconf 86' lang='lat' dir='ltr'>bis</span> <span class='ocrx_word' id='word_1_196' title='bbox 2698 2686 2845 2749; x_wconf 87' lang='lat' dir='ltr'>locis</span> <span class='ocrx_word' id='word_1_197' title='bbox 2870 2684 2947 2748; x_wconf 85' lang='lat' dir='ltr'>de</span> <span class='ocrx_word' id='word_1_198' title='bbox 2972 2691 3185 2750; x_wconf 86' lang='lat' dir='ltr'>senatu</span> <span class='ocrx_word' id='word_1_199' title='bbox 3222 2706 3409 2768; x_wconf 87' lang='lat' dir='ltr'>popu-</span> 
     </span>
     <span class='ocr_line' id='line_1_16' title="bbox 280 2784 3411 2870; baseline 0.001 -20"><span class='ocrx_word' id='word_1_200' title='bbox 280 2790 455 2865; x_wconf 87' lang='lat' dir='ltr'>loque</span> <span class='ocrx_word' id='word_1_201' title='bbox 493 2789 787 2864; x_wconf 83' lang='lat' dir='ltr'>Romano,</span> <span class='ocrx_word' id='word_1_202' title='bbox 863 2787 964 2848; x_wconf 90' lang='lat' dir='ltr'>illo</span> <span class='ocrx_word' id='word_1_203' title='bbox 1015 2785 1147 2848; x_wconf 91' lang='lat' dir='ltr'>loco</span> <span class='ocrx_word' id='word_1_204' title='bbox 1211 2784 1288 2846; x_wconf 91' lang='lat' dir='ltr'>de</span> <span class='ocrx_word' id='word_1_205' title='bbox 1326 2785 1544 2861; x_wconf 88' lang='lat' dir='ltr'>populo</span> <span class='ocrx_word' id='word_1_206' title='bbox 1583 2786 1710 2847; x_wconf 91' lang='lat' dir='ltr'>solo</span> <span class='ocrx_word' id='word_1_207' title='bbox 1747 2788 1850 2866; x_wconf 88' lang='lat' dir='ltr'>agi</span> <span class='ocrx_word' id='word_1_208' title='bbox 1890 2793 1953 2850; x_wconf 90' lang='lat' dir='ltr'>et</span> <span class='ocrx_word' id='word_1_209' title='bbox 1990 2789 2224 2851; x_wconf 89' lang='lat' dir='ltr'>omnino</span> <span class='ocrx_word' id='word_1_210' title='bbox 2264 2788 2555 2866; x_wconf 87' lang='lat' dir='ltr'>lapicidas</span> <span class='ocrx_word' id='word_1_211' title='bbox 2593 2790 2658 2849; x_wconf 87' lang='lat' dir='ltr'>in</span> <span class='ocrx_word' id='word_1_212' title='bbox 2694 2789 2790 2852; x_wconf 88' lang='lat' dir='ltr'>his</span> <span class='ocrx_word' id='word_1_213' title='bbox 2826 2786 3008 2852; x_wconf 89' lang='lat' dir='ltr'>rebus</span> <span class='ocrx_word' id='word_1_214' title='bbox 3044 2791 3233 2853; x_wconf 88' lang='lat' dir='ltr'>multa</span> <span class='ocrx_word' id='word_1_215' title='bbox 3269 2809 3411 2870; x_wconf 86' lang='lat' dir='ltr'>pec-</span> 
     </span>
     <span class='ocr_line' id='line_1_17' title="bbox 282 2886 3411 2969; baseline 0.001 -16"><span class='ocrx_word' id='word_1_216' title='bbox 282 2891 529 2968; x_wconf 86' lang='lat' dir='ltr'>cavisse,</span> <span class='ocrx_word' id='word_1_217' title='bbox 569 2890 726 2966; x_wconf 83' lang='lat' dir='ltr'>quod</span> <span class='ocrx_word' id='word_1_218' title='bbox 765 2907 839 2951; x_wconf 84' lang='lat' dir='ltr'>ex</span> <span class='ocrx_word' id='word_1_219' title='bbox 876 2889 1310 2964; x_wconf 90' lang='lat' dir='ltr'>comparatione</span> <span class='ocrx_word' id='word_1_220' title='bbox 1348 2886 1507 2949; x_wconf 80' lang='lat' dir='ltr'>Mon.</span> <span class='ocrx_word' id='word_1_221' title='bbox 1546 2890 1690 2949; x_wconf 81' lang='lat' dir='ltr'>Anc.</span> <span class='ocrx_word' id='word_1_222' title='bbox 1732 2897 1795 2950; x_wconf 90' lang='lat' dir='ltr'>et</span> <span class='ocrx_word' id='word_1_223' title='bbox 1833 2890 2103 2967; x_wconf 86' lang='lat' dir='ltr'>Apollon.</span> <span class='ocrx_word' id='word_1_224' title='bbox 2144 2891 2411 2968; x_wconf 84' lang='lat' dir='ltr'>intellegi</span> <span class='ocrx_word' id='word_1_225' title='bbox 2447 2892 2568 2954; x_wconf 91' lang='lat' dir='ltr'>iam</span> <span class='ocrx_word' id='word_1_226' title='bbox 2607 2909 2792 2969; x_wconf 85' lang='lat' dir='ltr'>supra</span> <span class='ocrx_word' id='word_1_227' title='bbox 2827 2891 3001 2954; x_wconf 87' lang='lat' dir='ltr'>docui</span> <span class='ocrx_word' id='word_1_228' title='bbox 3013 2891 3057 2954; x_wconf 85' lang='lat'>⁸.</span> <span class='ocrx_word' id='word_1_229' title='bbox 3131 2893 3411 2958; x_wconf 84' lang='lat' dir='ltr'>Ceterum</span> 
     </span>
     <span class='ocr_line' id='line_1_18' title="bbox 282 2991 3411 3077; baseline 0.001 -21"><span class='ocrx_word' id='word_1_230' title='bbox 282 2997 344 3056; x_wconf 92' lang='lat' dir='ltr'>in</span> <span class='ocrx_word' id='word_1_231' title='bbox 394 2994 489 3056; x_wconf 89' lang='lat' dir='ltr'>tit.</span> <span class='ocrx_word' id='word_1_232' title='bbox 530 2992 673 3055; x_wconf 83' lang='lat' dir='ltr'>XXI</span> <span class='ocrx_word' id='word_1_233' title='bbox 723 2994 786 3054; x_wconf 89' lang='lat' dir='ltr'>in</span> <span class='ocrx_word' id='word_1_234' title='bbox 833 2992 1038 3054; x_wconf 90' lang='lat' dir='ltr'>eadem</span> <span class='ocrx_word' id='word_1_235' title='bbox 1077 2991 1193 3052; x_wconf 84' lang='lat' dir='ltr'>bac</span> <span class='ocrx_word' id='word_1_236' title='bbox 1227 3007 1295 3051; x_wconf 89' lang='lat' dir='ltr'>re</span> <span class='ocrx_word' id='word_1_237' title='bbox 1333 3006 1547 3066; x_wconf 84' lang='lat' dir='ltr'>magna</span> <span class='ocrx_word' id='word_1_238' title='bbox 1583 2993 1878 3054; x_wconf 88' lang='lat' dir='ltr'>invenitur</span> <span class='ocrx_word' id='word_1_239' title='bbox 1913 2994 2194 3055; x_wconf 87' lang='lat' dir='ltr'>varietas.</span> <span class='ocrx_word' id='word_1_240' title='bbox 2276 2993 2505 3056; x_wconf 91' lang='lat' dir='ltr'>Deinde</span> <span class='ocrx_word' id='word_1_241' title='bbox 2544 2994 2600 3055; x_wconf 86' lang='lat' dir='ltr'>si</span> <span class='ocrx_word' id='word_1_242' title='bbox 2642 2999 2738 3071; x_wconf 83' lang='lat'>18,</span> <span class='ocrx_word' id='word_1_243' title='bbox 2764 2998 2841 3056; x_wconf 81' lang='lat'>23</span> <span class='ocrx_word' id='word_1_244' title='bbox 2877 2994 3073 3072; x_wconf 70' lang='grc' dir='ltr'><strong><em>[θεῶν</em></strong></span> <span class='ocrx_word' id='word_1_245' title='bbox 3111 2997 3411 3077; x_wconf 67' lang='lat' dir='ltr'>aeJoetplov</span> 
     </span>
     <span class='ocr_line' id='line_1_19' title="bbox 282 3092 3414 3177; baseline 0.001 -18"><span class='ocrx_word' id='word_1_246' title='bbox 282 3098 534 3177; x_wconf 89' lang='lat' dir='ltr'>legitur,</span> <span class='ocrx_word' id='word_1_247' title='bbox 578 3099 762 3172; x_wconf 85' lang='lat'>10,12</span> <span class='ocrx_word' id='word_1_248' title='bbox 800 3110 942 3156; x_wconf 88' lang='lat' dir='ltr'>vero</span> <span class='ocrx_word' id='word_1_249' title='bbox 979 3098 1148 3155; x_wconf 73' lang='grc' dir='ltr'>θεῶν</span> <span class='ocrx_word' id='word_1_250' title='bbox 1183 3092 1601 3172; x_wconf 71' lang='grc' dir='ltr'>κατοικιδίων,</span> <span class='ocrx_word' id='word_1_251' title='bbox 1659 3095 1806 3157; x_wconf 86' lang='lat' dir='ltr'>nihil</span> <span class='ocrx_word' id='word_1_252' title='bbox 1845 3113 1919 3159; x_wconf 89' lang='lat' dir='ltr'>ea</span> <span class='ocrx_word' id='word_1_253' title='bbox 1954 3113 2024 3158; x_wconf 88' lang='lat' dir='ltr'>re</span> <span class='ocrx_word' id='word_1_254' title='bbox 2063 3095 2337 3159; x_wconf 84' lang='lat' dir='ltr'>efficitur.</span> <span class='ocrx_word' id='word_1_255' title='bbox 2417 3096 2571 3158; x_wconf 89' lang='lat' dir='ltr'>Nam</span> <span class='ocrx_word' id='word_1_256' title='bbox 2612 3097 2797 3158; x_wconf 90' lang='lat' dir='ltr'>etiam</span> <span class='ocrx_word' id='word_1_257' title='bbox 2832 3097 2897 3158; x_wconf 89' lang='lat' dir='ltr'>in</span> <span class='ocrx_word' id='word_1_258' title='bbox 2939 3099 3187 3175; x_wconf 82' lang='lat' dir='ltr'>Augusti</span> <span class='ocrx_word' id='word_1_259' title='bbox 3221 3099 3414 3177; x_wconf 84' lang='lat' dir='ltr'>ipsius</span> 
     </span>
     <span class='ocr_line' id='line_1_20' title="bbox 284 3196 3413 3279; baseline 0.001 -16"><span class='ocrx_word' id='word_1_260' title='bbox 284 3200 594 3263; x_wconf 90' lang='lat' dir='ltr'>verborum</span> <span class='ocrx_word' id='word_1_261' title='bbox 632 3197 1119 3275; x_wconf 87' lang='lat' dir='ltr'>interpretatione</span> <span class='ocrx_word' id='word_1_262' title='bbox 1158 3196 1307 3259; x_wconf 89' lang='lat' dir='ltr'>talia</span> <span class='ocrx_word' id='word_1_263' title='bbox 1343 3196 1719 3260; x_wconf 85' lang='lat' dir='ltr'>inveniuntur</span> <span class='ocrx_word' id='word_1_264' title='bbox 1733 3244 1751 3276; x_wconf 99' lang='lat'>,</span> <span class='ocrx_word' id='word_1_265' title='bbox 1809 3201 1971 3262; x_wconf 91' lang='lat' dir='ltr'>velut</span> <span class='ocrx_word' id='word_1_266' title='bbox 2015 3206 2069 3278; x_wconf 95' lang='lat'>1,</span> <span class='ocrx_word' id='word_1_267' title='bbox 2087 3204 2123 3261; x_wconf 78' lang='lat'><em>2</em></span> <span class='ocrx_word' id='word_1_268' title='bbox 2160 3201 2237 3261; x_wconf 77' lang='grc' dir='ltr'>τὰ</span> <span class='ocrx_word' id='word_1_269' title='bbox 2274 3201 2454 3262; x_wconf 75' lang='grc' dir='ltr'>κοινὰ</span> <span class='ocrx_word' id='word_1_270' title='bbox 2491 3200 2844 3279; x_wconf 70' lang='grc' dir='ltr'><strong><em>πράγματα,</em></strong></span> <span class='ocrx_word' id='word_1_271' title='bbox 2896 3202 3114 3264; x_wconf 85' lang='lat' dir='ltr'>ceteris</span> <span class='ocrx_word' id='word_1_272' title='bbox 3150 3203 3300 3266; x_wconf 85' lang='lat' dir='ltr'>locis</span> <span class='ocrx_word' id='word_1_273' title='bbox 3336 3203 3413 3265; x_wconf 72' lang='grc' dir='ltr'>τὰ</span> 
     </span>
     <span class='ocr_line' id='line_1_21' title="bbox 287 3299 3416 3383; baseline 0.001 -19"><span class='ocrx_word' id='word_1_274' title='bbox 287 3303 550 3381; x_wconf 76' lang='grc' dir='ltr'>δημόσια</span> <span class='ocrx_word' id='word_1_275' title='bbox 586 3300 905 3380; x_wconf 69' lang='grc' dir='ltr'>πράγματα</span> <span class='ocrx_word' id='word_1_276' title='bbox 943 3300 1192 3376; x_wconf 84' lang='lat' dir='ltr'>legimus</span> <span class='ocrx_word' id='word_1_277' title='bbox 1212 3344 1229 3373; x_wconf 91' lang='lat'>,</span> <span class='ocrx_word' id='word_1_278' title='bbox 1287 3299 1430 3360; x_wconf 88' lang='lat' dir='ltr'>item</span> <span class='ocrx_word' id='word_1_279' title='bbox 1484 3310 1682 3380; x_wconf 73' lang='grc' dir='ltr'><strong><em>χρῆμα</em></strong></span> <span class='ocrx_word' id='word_1_280' title='bbox 1723 3307 1785 3364; x_wconf 92' lang='lat' dir='ltr'>et</span> <span class='ocrx_word' id='word_1_281' title='bbox 1821 3306 2094 3383; x_wconf 71' lang='grc' dir='ltr'>χρήματα</span> <span class='ocrx_word' id='word_1_282' title='bbox 2148 3304 2483 3381; x_wconf 86' lang='lat' dir='ltr'>promiscue</span> <span class='ocrx_word' id='word_1_283' title='bbox 2538 3309 2903 3378; x_wconf 87' lang='lat' dir='ltr'>usurpantur</span> <span class='ocrx_word' id='word_1_284' title='bbox 2953 3305 3257 3381; x_wconf 84' lang='lat' dir='ltr'>multaque</span> <span class='ocrx_word' id='word_1_285' title='bbox 3295 3305 3416 3368; x_wconf 82' lang='lat' dir='ltr'>alia</span> 
     </span>
     <span class='ocr_line' id='line_1_22' title="bbox 228 3402 3417 3486; baseline 0.001 -19"><span class='ocrx_word' id='word_1_286' title='bbox 228 3405 239 3415; x_wconf 83' lang='lat'><strong><em>&#39;</em></strong></span> <span class='ocrx_word' id='word_1_287' title='bbox 286 3409 537 3483; x_wconf 90' lang='lat' dir='ltr'>possunt</span> <span class='ocrx_word' id='word_1_288' title='bbox 572 3404 813 3466; x_wconf 78' lang='lat' dir='ltr'>adferri.</span> <span class='ocrx_word' id='word_1_289' title='bbox 894 3402 1144 3464; x_wconf 86' lang='lat' dir='ltr'>Galatas</span> <span class='ocrx_word' id='word_1_290' title='bbox 1183 3402 1330 3463; x_wconf 86' lang='lat' dir='ltr'>dicit</span> <span class='ocrx_word' id='word_1_291' title='bbox 1367 3402 1586 3465; x_wconf 84' lang='lat' dir='ltr'>Nissen</span> <span class='ocrx_word' id='word_1_292' title='bbox 1625 3406 1981 3482; x_wconf 86' lang='lat' dir='ltr'>appendices</span> <span class='ocrx_word' id='word_1_293' title='bbox 2021 3406 2327 3469; x_wconf 87' lang='lat' dir='ltr'>addidisse</span> <span class='ocrx_word' id='word_1_294' title='bbox 2345 3450 2363 3479; x_wconf 96' lang='lat'>,</span> <span class='ocrx_word' id='word_1_295' title='bbox 2422 3410 2490 3466; x_wconf 89' lang='lat' dir='ltr'>ut</span> <span class='ocrx_word' id='word_1_296' title='bbox 2531 3421 2830 3466; x_wconf 88' lang='lat' dir='ltr'>rumorem</span> <span class='ocrx_word' id='word_1_297' title='bbox 2870 3405 2944 3467; x_wconf 91' lang='lat' dir='ltr'>de</span> <span class='ocrx_word' id='word_1_298' title='bbox 2983 3407 3240 3486; x_wconf 75' lang='lat' dir='ltr'>Augusti</span> <span class='ocrx_word' id='word_1_299' title='bbox 3276 3424 3417 3470; x_wconf 85' lang='lat' dir='ltr'>ava-</span> 
     </span>
     <span class='ocr_line' id='line_1_23' title="bbox 283 3504 3419 3587; baseline 0.001 -18"><span class='ocrx_word' id='word_1_300' title='bbox 283 3508 426 3569; x_wconf 90' lang='lat' dir='ltr'>ritia</span> <span class='ocrx_word' id='word_1_301' title='bbox 464 3507 879 3585; x_wconf 88' lang='lat' dir='ltr'>pervulgatum</span> <span class='ocrx_word' id='word_1_302' title='bbox 913 3505 1329 3582; x_wconf 86' lang='lat' dir='ltr'>opprimerent.</span> <span class='ocrx_word' id='word_1_303' title='bbox 1412 3504 1583 3578; x_wconf 80' lang='lat' dir='ltr'>Quod</span> <span class='ocrx_word' id='word_1_304' title='bbox 1622 3508 1673 3568; x_wconf 89' lang='lat' dir='ltr'>si</span> <span class='ocrx_word' id='word_1_305' title='bbox 1712 3511 1946 3571; x_wconf 89' lang='lat' dir='ltr'>omnino</span> <span class='ocrx_word' id='word_1_306' title='bbox 1986 3510 2311 3572; x_wconf 83' lang='lat' dir='ltr'>concedere</span> <span class='ocrx_word' id='word_1_307' title='bbox 2350 3508 2622 3570; x_wconf 86' lang='lat' dir='ltr'>volumus</span> <span class='ocrx_word' id='word_1_308' title='bbox 2673 3525 2810 3569; x_wconf 89' lang='lat' dir='ltr'>eum</span> <span class='ocrx_word' id='word_1_309' title='bbox 2825 3552 2843 3582; x_wconf 90' lang='lat'>,</span> <span class='ocrx_word' id='word_1_310' title='bbox 2902 3510 3001 3585; x_wconf 87' lang='lat' dir='ltr'>qui</span> <span class='ocrx_word' id='word_1_311' title='bbox 3062 3511 3419 3587; x_wconf 83' lang='lat' dir='ltr'>appendices</span> 
     </span>
     <span class='ocr_line' id='line_1_24' title="bbox 286 3608 3421 3689; baseline 0.001 -17"><span class='ocrx_word' id='word_1_312' title='bbox 286 3609 632 3687; x_wconf 87' lang='lat' dir='ltr'>composuit,</span> <span class='ocrx_word' id='word_1_313' title='bbox 672 3608 990 3682; x_wconf 88' lang='lat' dir='ltr'>studuisse,</span> <span class='ocrx_word' id='word_1_314' title='bbox 1029 3625 1136 3670; x_wconf 88' lang='lat' dir='ltr'>cur</span> <span class='ocrx_word' id='word_1_315' title='bbox 1173 3624 1290 3668; x_wconf 90' lang='lat' dir='ltr'>non</span> <span class='ocrx_word' id='word_1_316' title='bbox 1330 3609 1719 3685; x_wconf 85' lang='lat' dir='ltr'>magistratus</span> <span class='ocrx_word' id='word_1_317' title='bbox 1759 3612 2014 3674; x_wconf 83' lang='lat' dir='ltr'>Romani</span> <span class='ocrx_word' id='word_1_318' title='bbox 2051 3613 2163 3675; x_wconf 84' lang='lat' dir='ltr'>hoc</span> <span class='ocrx_word' id='word_1_319' title='bbox 2197 3611 2376 3674; x_wconf 91' lang='lat' dir='ltr'>modo</span> <span class='ocrx_word' id='word_1_320' title='bbox 2414 3627 2710 3673; x_wconf 89' lang='lat' dir='ltr'>rumorem</span> <span class='ocrx_word' id='word_1_321' title='bbox 2748 3610 2914 3672; x_wconf 90' lang='lat' dir='ltr'>illum</span> <span class='ocrx_word' id='word_1_322' title='bbox 2952 3614 3284 3689; x_wconf 89' lang='lat' dir='ltr'>opprimere</span> <span class='ocrx_word' id='word_1_323' title='bbox 3324 3631 3421 3676; x_wconf 90' lang='lat' dir='ltr'>co-</span> 
     </span>
     <span class='ocr_line' id='line_1_25' title="bbox 283 3709 1157 3791; baseline -0.005 -16"><span class='ocrx_word' id='word_1_324' title='bbox 283 3715 417 3777; x_wconf 88' lang='lat' dir='ltr'>nari</span> <span class='ocrx_word' id='word_1_325' title='bbox 453 3713 773 3791; x_wconf 89' lang='lat' dir='ltr'>potuerint,</span> <span class='ocrx_word' id='word_1_326' title='bbox 813 3728 931 3772; x_wconf 92' lang='lat' dir='ltr'>non</span> <span class='ocrx_word' id='word_1_327' title='bbox 968 3709 1157 3773; x_wconf 89' lang='lat' dir='ltr'>video.</span> 
     </span>
    </p>

    <p class='ocr_par' dir='ltr' id='par_1_4' title="bbox 287 3812 3426 4406">
     <span class='ocr_line' id='line_1_26' title="bbox 523 3812 3418 3895; baseline 0.001 -19"><span class='ocrx_word' id='word_1_328' title='bbox 523 3814 689 3888; x_wconf 80' lang='lat' dir='ltr'>Quae</span> <span class='ocrx_word' id='word_1_329' title='bbox 727 3830 867 3875; x_wconf 88' lang='lat' dir='ltr'>vero</span> <span class='ocrx_word' id='word_1_330' title='bbox 901 3812 1271 3889; x_wconf 88' lang='lat' dir='ltr'>praescripta</span> <span class='ocrx_word' id='word_1_331' title='bbox 1310 3818 1478 3886; x_wconf 88' lang='lat' dir='ltr'>sunt,</span> <span class='ocrx_word' id='word_1_332' title='bbox 1533 3813 1586 3875; x_wconf 87' lang='lat' dir='ltr'>si</span> <span class='ocrx_word' id='word_1_333' title='bbox 1625 3815 2028 3878; x_wconf 89' lang='lat' dir='ltr'>coniecturam</span> <span class='ocrx_word' id='word_1_334' title='bbox 2085 3816 2286 3879; x_wconf 80' lang='lat' dir='ltr'>iacere</span> <span class='ocrx_word' id='word_1_335' title='bbox 2342 3817 2485 3878; x_wconf 91' lang='lat' dir='ltr'>licet</span> <span class='ocrx_word' id='word_1_336' title='bbox 2540 3835 2616 3878; x_wconf 86' lang='lat' dir='ltr'>ex</span> <span class='ocrx_word' id='word_1_337' title='bbox 2654 3817 2954 3894; x_wconf 86' lang='lat' dir='ltr'>scriptura</span> <span class='ocrx_word' id='word_1_338' title='bbox 2996 3818 3298 3895; x_wconf 81' lang='lat' dir='ltr'>‘impensa‘</span> <span class='ocrx_word' id='word_1_339' title='bbox 3339 3816 3418 3878; x_wconf 91' lang='lat' dir='ltr'>ab</span> 
     </span>
     <span class='ocr_line' id='line_1_27' title="bbox 287 3914 3420 4007; baseline 0.001 -27"><span class='ocrx_word' id='word_1_340' title='bbox 287 3921 558 3998; x_wconf 85' lang='lat' dir='ltr'>Augusto</span> <span class='ocrx_word' id='word_1_341' title='bbox 598 3923 662 4007; x_wconf 83' lang='lat' dir='ltr'>et</span> <span class='ocrx_word' id='word_1_342' title='bbox 697 3917 761 3977; x_wconf 91' lang='lat' dir='ltr'>in</span> <span class='ocrx_word' id='word_1_343' title='bbox 799 3914 1221 3992; x_wconf 89' lang='lat' dir='ltr'>appendicibus</span> <span class='ocrx_word' id='word_1_344' title='bbox 1275 3914 1544 3978; x_wconf 89' lang='lat' dir='ltr'>adhibita</span> <span class='ocrx_word' id='word_1_345' title='bbox 1582 3922 1646 3978; x_wconf 89' lang='lat' dir='ltr'>et</span> <span class='ocrx_word' id='word_1_346' title='bbox 1685 3918 2045 3997; x_wconf 86' lang='lat' dir='ltr'>‘impensae&#39;,</span> <span class='ocrx_word' id='word_1_347' title='bbox 2083 3926 2153 3982; x_wconf 92' lang='lat' dir='ltr'>ut</span> <span class='ocrx_word' id='word_1_348' title='bbox 2189 3921 2254 3981; x_wconf 92' lang='lat' dir='ltr'>in</span> <span class='ocrx_word' id='word_1_349' title='bbox 2291 3920 2765 3996; x_wconf 84' lang='lat' dir='ltr'>praescriptione</span> <span class='ocrx_word' id='word_1_350' title='bbox 2803 3921 3050 3999; x_wconf 87' lang='lat' dir='ltr'>legitur,</span> <span class='ocrx_word' id='word_1_351' title='bbox 3109 3927 3275 3984; x_wconf 88' lang='lat' dir='ltr'>certe</span> <span class='ocrx_word' id='word_1_352' title='bbox 3313 3920 3420 3984; x_wconf 89' lang='lat' dir='ltr'>de·</span> 
     </span>
     <span class='ocr_line' id='line_1_28' title="bbox 290 4017 3423 4109; baseline 0.001 -27"><span class='ocrx_word' id='word_1_353' title='bbox 290 4020 511 4091; x_wconf 77' lang='lat' dir='ltr'>bantur</span> <span class='ocrx_word' id='word_1_354' title='bbox 548 4020 651 4109; x_wconf 84' lang='lat' dir='ltr'>alii</span> <span class='ocrx_word' id='word_1_355' title='bbox 688 4018 928 4081; x_wconf 84' lang='lat' dir='ltr'>homini.</span> <span class='ocrx_word' id='word_1_356' title='bbox 991 4020 1078 4079; x_wconf 85' lang='lat' dir='ltr'>Ac</span> <span class='ocrx_word' id='word_1_357' title='bbox 1116 4017 1261 4077; x_wconf 87' lang='lat' dir='ltr'>mihi</span> <span class='ocrx_word' id='word_1_358' title='bbox 1302 4017 1540 4094; x_wconf 87' lang='lat' dir='ltr'>quidem</span> <span class='ocrx_word' id='word_1_359' title='bbox 1575 4022 1874 4097; x_wconf 87' lang='lat' dir='ltr'>persuasit</span> <span class='ocrx_word' id='word_1_360' title='bbox 1910 4021 2240 4084; x_wconf 82' lang='lat' dir='ltr'>Mommsen</span> <span class='ocrx_word' id='word_1_361' title='bbox 2280 4021 2382 4100; x_wconf 78' lang='lat' dir='ltr'>(cf.</span> <span class='ocrx_word' id='word_1_362' title='bbox 2406 4039 2466 4098; x_wconf 90' lang='lat' dir='ltr'>p.</span> <span class='ocrx_word' id='word_1_363' title='bbox 2488 4021 2577 4083; x_wconf 85' lang='lat' dir='ltr'>XI</span> <span class='ocrx_word' id='word_1_364' title='bbox 2617 4022 2897 4084; x_wconf 85' lang='lat' dir='ltr'>editionis</span> <span class='ocrx_word' id='word_1_365' title='bbox 2937 4024 3208 4102; x_wconf 87' lang='lat' dir='ltr'>alterius)</span> <span class='ocrx_word' id='word_1_366' title='bbox 3244 4040 3423 4100; x_wconf 85' lang='lat' dir='ltr'>prae·</span> 
     </span>
     <span class='ocr_line' id='line_1_29' title="bbox 295 4117 3424 4202; baseline 0 -16"><span class='ocrx_word' id='word_1_367' title='bbox 295 4124 672 4201; x_wconf 87' lang='lat' dir='ltr'>scriptionem</span> <span class='ocrx_word' id='word_1_368' title='bbox 711 4123 915 4197; x_wconf 90' lang='lat' dir='ltr'>inepte</span> <span class='ocrx_word' id='word_1_369' title='bbox 954 4117 1032 4180; x_wconf 91' lang='lat' dir='ltr'>ab</span> <span class='ocrx_word' id='word_1_370' title='bbox 1073 4119 1398 4196; x_wconf 74' lang='lat' dir='ltr'>Ancyranis</span> <span class='ocrx_word' id='word_1_371' title='bbox 1438 4138 1777 4197; x_wconf 85' lang='lat' dir='ltr'>expressam</span> <span class='ocrx_word' id='word_1_372' title='bbox 1817 4141 1953 4186; x_wconf 87' lang='lat' dir='ltr'>esse</span> <span class='ocrx_word' id='word_1_373' title='bbox 1994 4142 2067 4186; x_wconf 83' lang='lat' dir='ltr'>ex</span> <span class='ocrx_word' id='word_1_374' title='bbox 2107 4125 2367 4201; x_wconf 86' lang='lat' dir='ltr'>epistula</span> <span class='ocrx_word' id='word_1_375' title='bbox 2405 4126 2796 4202; x_wconf 85' lang='lat' dir='ltr'>magistratus</span> <span class='ocrx_word' id='word_1_376' title='bbox 2832 4125 3111 4202; x_wconf 84' lang='lat' dir='ltr'>Romani,</span> <span class='ocrx_word' id='word_1_377' title='bbox 3152 4125 3309 4202; x_wconf 88' lang='lat' dir='ltr'>quod</span> <span class='ocrx_word' id='word_1_378' title='bbox 3348 4141 3424 4186; x_wconf 83' lang='lat' dir='ltr'>ex</span> 
     </span>
     <span class='ocr_line' id='line_1_30' title="bbox 289 4221 3423 4307; baseline 0.001 -19"><span class='ocrx_word' id='word_1_379' title='bbox 289 4226 490 4289; x_wconf 86' lang='lat' dir='ltr'>verbis</span> <span class='ocrx_word' id='word_1_380' title='bbox 529 4225 851 4302; x_wconf 79' lang='lat' dir='ltr'>‘exemplar</span> <span class='ocrx_word' id='word_1_381' title='bbox 901 4221 1247 4284; x_wconf 86' lang='lat' dir='ltr'>subiectum’</span> <span class='ocrx_word' id='word_1_382' title='bbox 1306 4222 1430 4284; x_wconf 85' lang='lat' dir='ltr'>sive</span> <span class='ocrx_word' id='word_1_383' title='bbox 1487 4224 2076 4304; x_wconf 63' lang='grc' dir='ltr'>’μεθηρμηνευμένα</span> <span class='ocrx_word' id='word_1_384' title='bbox 2122 4227 2587 4307; x_wconf 73' lang='grc' dir='ltr'>ὑπεγράφησαν’</span> <span class='ocrx_word' id='word_1_385' title='bbox 2637 4228 2903 4304; x_wconf 86' lang='lat' dir='ltr'>intellegi</span> <span class='ocrx_word' id='word_1_386' title='bbox 2957 4229 3167 4304; x_wconf 82' lang='lat' dir='ltr'>possit.</span> <span class='ocrx_word' id='word_1_387' title='bbox 3257 4225 3423 4300; x_wconf 83' lang='lat' dir='ltr'>Quae</span> 
     </span>
     <span class='ocr_line' id='line_1_31' title="bbox 288 4326 3426 4406; baseline -0.001 -16"><span class='ocrx_word' id='word_1_388' title='bbox 288 4346 430 4391; x_wconf 88' lang='lat' dir='ltr'>vero</span> <span class='ocrx_word' id='word_1_389' title='bbox 468 4328 725 4389; x_wconf 85' lang='lat' dir='ltr'>versioni</span> <span class='ocrx_word' id='word_1_390' title='bbox 764 4343 1020 4406; x_wconf 84' lang='lat' dir='ltr'>graecae</span> <span class='ocrx_word' id='word_1_391' title='bbox 1059 4326 1429 4402; x_wconf 88' lang='lat' dir='ltr'>praescripta</span> <span class='ocrx_word' id='word_1_392' title='bbox 1468 4333 1626 4405; x_wconf 87' lang='lat' dir='ltr'>sunt,</span> <span class='ocrx_word' id='word_1_393' title='bbox 1662 4328 1978 4404; x_wconf 84' lang='lat' dir='ltr'>interpreti</span> <span class='ocrx_word' id='word_1_394' title='bbox 2016 4329 2203 4391; x_wconf 85' lang='lat' dir='ltr'>totius</span> <span class='ocrx_word' id='word_1_395' title='bbox 2242 4330 2408 4390; x_wconf 87' lang='lat' dir='ltr'>tituli</span> <span class='ocrx_word' id='word_1_396' title='bbox 2434 4328 2635 4391; x_wconf 90' lang='lat' dir='ltr'>tribuo</span> <span class='ocrx_word' id='word_1_397' title='bbox 2658 4332 2912 4391; x_wconf 84' lang='lat' dir='ltr'>maxime</span> <span class='ocrx_word' id='word_1_398' title='bbox 2936 4334 3183 4406; x_wconf 87' lang='lat' dir='ltr'>propter</span> <span class='ocrx_word' id='word_1_399' title='bbox 3220 4328 3426 4405; x_wconf 84' lang='lat' dir='ltr'>inepta</span> 
     </span>
    </p>
   </div>
   <div class='ocr_carea' id='block_1_3' title="bbox 289 4424 3568 4524">
    <p class='ocr_par' dir='ltr' id='par_1_5' title="bbox 289 4424 3568 4524">
     <span class='ocr_line' id='line_1_32' title="bbox 289 4424 3568 4524; baseline -0.001 -30"><span class='ocrx_word' id='word_1_400' title='bbox 289 4424 619 4494; x_wconf 42' lang='lat' dir='ltr'>illanerba</span> <span class='ocrx_word' id='word_1_401' title='bbox 657 4428 757 4492; x_wconf 73' lang='grc' dir='ltr'>ἐπὶ</span> <span class='ocrx_word' id='word_1_402' title='bbox 789 4428 1047 4508; x_wconf 70' lang='grc' dir='ltr'><strong><em>Ῥώμης,</em></strong></span> <span class='ocrx_word' id='word_1_403' title='bbox 1099 4446 1252 4506; x_wconf 85' lang='lat' dir='ltr'>quae</span> <span class='ocrx_word' id='word_1_404' title='bbox 1292 4433 1348 4507; x_wconf 79' lang='lat'>6,</span> <span class='ocrx_word' id='word_1_405' title='bbox 1372 4434 1407 4490; x_wconf 79' lang='grc' dir='ltr'><strong>δ</strong></span> <span class='ocrx_word' id='word_1_406' title='bbox 1446 4427 1744 4524; x_wconf 36' lang='lat' dir='ltr'>redeunt..</span> <span class='ocrx_word' id='word_1_407' title='bbox 1815 4430 1880 4491; x_wconf 88' lang='lat' dir='ltr'>Si</span> <span class='ocrx_word' id='word_1_408' title='bbox 1938 4430 2122 4511; x_wconf 78' lang='lat' dir='ltr'>igitur</span> <span class='ocrx_word' id='word_1_409' title='bbox 2160 4430 2381 4492; x_wconf 84' lang='lat' dir='ltr'>Nissen</span> <span class='ocrx_word' id='word_1_410' title='bbox 2437 4436 2647 4492; x_wconf 82' lang='lat' dir='ltr'>contra</span> <span class='ocrx_word' id='word_1_411' title='bbox 2701 4432 2856 4492; x_wconf 88' lang='lat' dir='ltr'>hanc</span> <span class='ocrx_word' id='word_1_412' title='bbox 2914 4431 3426 4494; x_wconf 85' lang='lat' dir='ltr'>ratiocinationem</span> <span class='ocrx_word' id='word_1_413' title='bbox 3558 4482 3568 4491; x_wconf 93' lang='lat'>.</span> 
     </span>
    </p>
   </div>
   <div class='ocr_carea' id='block_1_4' title="bbox 283 4733 3431 4892">
    <p class='ocr_par' dir='ltr' id='par_1_6' title="bbox 283 4688 3431 4892">
     <span class='ocr_line' id='line_1_33' title="bbox 528 4733 3431 4813; baseline 0 -19"><span class='ocrx_word' id='word_1_414' title='bbox 528 4741 557 4793; x_wconf 87' lang='lat'>1</span> <span class='ocrx_word' id='word_1_415' title='bbox 621 4735 769 4812; x_wconf 82' lang='lat' dir='ltr'>apud</span> <span class='ocrx_word' id='word_1_416' title='bbox 807 4735 1227 4792; x_wconf 73' lang='lat' dir='ltr'>Mommsenumz</span> <span class='ocrx_word' id='word_1_417' title='bbox 1265 4736 1377 4793; x_wconf 78' lang='lat' dir='ltr'>Res</span> <span class='ocrx_word' id='word_1_418' title='bbox 1414 4735 1616 4795; x_wconf 77' lang='lat' dir='ltr'>Gestae</span> <span class='ocrx_word' id='word_1_419' title='bbox 1652 4738 1788 4794; x_wconf 84' lang='lat' dir='ltr'>Divi</span> <span class='ocrx_word' id='word_1_420' title='bbox 1823 4733 2011 4811; x_wconf 73' lang='lat' dir='ltr'>Aug.²</span> <span class='ocrx_word' id='word_1_421' title='bbox 2047 4736 2295 4794; x_wconf 82' lang='lat' dir='ltr'>Berolini</span> <span class='ocrx_word' id='word_1_422' title='bbox 2339 4737 2491 4792; x_wconf 75' lang='lat'>1888</span> <span class='ocrx_word' id='word_1_423' title='bbox 2533 4755 2590 4812; x_wconf 80' lang='lat' dir='ltr'>p.</span> <span class='ocrx_word' id='word_1_424' title='bbox 2636 4737 2749 4792; x_wconf 74' lang='lat'>197</span> <span class='ocrx_word' id='word_1_425' title='bbox 2788 4753 2904 4813; x_wconf 71' lang='lat' dir='ltr'>eqo.</span> <span class='ocrx_word' id='word_1_426' title='bbox 3144 4739 3179 4793; x_wconf 78' lang='lat'>2</span> <span class='ocrx_word' id='word_1_427' title='bbox 3235 4737 3431 4795; x_wconf 79' lang='lat' dir='ltr'>Bhein.</span> 
     </span>
     <span class='ocr_line' id='line_1_34' title="bbox 283 4815 2004 4892; baseline -0.002 -17"><span class='ocrx_word' id='word_1_428' title='bbox 283 4815 902 4889; x_wconf 61' lang='lat' dir='ltr'>MuaXLI1es⁷p</span> <span class='ocrx_word' id='word_1_429' title='bbox 945 4816 1057 4868; x_wconf 77' lang='lat'>481</span> <span class='ocrx_word' id='word_1_430' title='bbox 1101 4830 1213 4887; x_wconf 82' lang='lat' dir='ltr'>eqs.</span> <span class='ocrx_word' id='word_1_431' title='bbox 1447 4816 1484 4870; x_wconf 78' lang='lat'><em>8</em></span> <span class='ocrx_word' id='word_1_432' title='bbox 1537 4815 2004 4892; x_wconf 61' lang='lat' dir='ltr'>etlam-32.</span> 
     </span>
    </p>
   </div>
  </div>
 </body>
</html>
