4459 6067
2354 791 2469 849 108

735 918 744 925 ⁰
836 961 1000 1007 mum
1038 936 1249 1021 locum,
1288 943 1349 1005 si
1378 940 1664 1018 temporis
1701 940 1997 1002 rationem
2033 938 2342 1017 babemus,
2380 946 2576 1016 tenet,
2615 945 2687 1001 ut
2708 940 3131 1004 Mendelsaobn
3168 942 3302 1004 iure
3340 940 3458 1002 sibi
3494 929 3811 1001 videbatur
3847 953 3989 1000 con·.

837 1046 1126 1122 tendere,
1184 1045 1293 1107 sed
1350 1044 1747 1121 conscriptum
1808 1048 1903 1104 est
1957 1048 2098 1120 post
2152 1042 2415 1105 edictum
2452 1043 2711 1106 Lentuli.
2810 1043 2964 1105 Nam
3019 1045 3081 1104 in
3123 1061 3196 1106 eo
3234 1042 3367 1119 ipso
3407 1042 3586 1104 facile
3625 1040 3993 1117 intellegitur

841 1149 1122 1213 edictum
1139 1149 1176 1227 5
1218 1153 1316 1211 18·
1331 1148 1510 1211 niti.
1580 1180 1588 1186 ·

1055 1255 1113 1332 5
1153 1258 1230 1315 19
1267 1254 1487 1315 iterum
1523 1251 1762 1313 Lentuli
1800 1250 2062 1312 edictum
2099 1249 2341 1327 legitur.

1076 1356 1111 1434 5
1150 1359 1231 1416 20
1269 1354 1530 1431 epistula
1565 1354 2027 1432 magistratuum
2064 1350 2552 1429 Laodicensium,
2609 1367 2682 1412 ex
2721 1369 2840 1428 qua
2875 1292 3290 1432 cognoscimus
3328 1326 3569 1413 Iudaeis
3608 1348 3860 1411 liberam
3894 1365 3996 1411 re-

839 1458 1077 1537 ligionis
1117 1458 1602 1520 exercitationem
1640 1472 1985 1519 concessam
2024 1471 2177 1517 ene.
3986 1488 3999 1493 -

1078 1562 1113 1640 5
1153 1566 1224 1623 21
1268 1560 1440 1624 nobis
1491 1566 1732 1623 servata
1787 1564 1885 1620 eat
1921 1557 1988 1618 P.
2030 1557 2284 1631 Servilii,
2321 1563 2393 1618 ut
2430 1557 2693 1634 videtur,
2732 1557 3023 1618 Isaurici¹
3066 1557 3326 1634 epistula
3366 1555 3444 1617 ad
3485 1555 3752 1616 Milesios
3790 1555 3990 1631 missa,
4112 1554 4124 1562 ‘

844 1682 998 1743 quae
1037 1667 1169 1742 ipsa
1206 1680 1438 1743 quoque
1476 1663 1555 1727 ad
1591 1662 1846 1724 liberam
1878 1659 2187 1735 religionis
2228 1644 2719 1722 exercitationem
2753 1660 3038 1751 pertinet.

1084 1768 1419 1846 Sequuntur
1459 1766 1675 1830 deinde
1704 1765 1951 1828 decreta
1975 1764 2494 1841 Pergamenorum,
2536 1746 3179 1852 Halicarnassensium,
3220 1762 3664 1837 Sardianorum,
3703 1762 3994 1839 Ephesio·
4028 1846 4031 1849 -

843 1889 997 1947 rum,
1037 1889 1188 1950 quae
1207 1871 1405 1934 omnia
1425 1877 1671 1948 excepto
1690 1870 1935 1932 decreto
1953 1867 2457 1947 Pergamenorum
2480 1866 2559 1929 ad
2588 1866 2844 1929 liberam
2858 1867 3170 1950 religionis
3190 1871 3676 1933 exercitationem
3700 1875 3996 1947 spectant.

1086 1975 1425 2049 Quaeritur,
1466 1993 1604 2037 num
1645 1975 1827 2036 etiam
1866 1973 1930 2034 in
1969 1971 2066 2034 bis
2105 1970 2368 2033 decretis
2409 1967 2620 2033 eadem
2657 1970 2818 2033 ratio
2844 1971 3162 2034 ordinandi
3186 1973 3441 2035 inveniri
3479 1973 3672 2049 possit
3709 1978 3888 2050 atque
3926 1972 3989 2033 in

846 2080 1105 2143 decretis
1140 2078 1279 2141 xlv
1311 2084 1403 2155 10,
1430 2083 1646 2152 2—10,
1687 2077 1763 2140 de
1803 2076 2019 2155 quibus
2057 2094 2241 2155 supra
2280 2077 2395 2154 egi.
2495 2078 2584 2138 Ac
2642 2093 2778 2139 mea
2833 2077 3071 2154 quidem
3127 2079 3430 2141 sententia
3487 2078 3742 2141 inveniri
3778 2084 3998 2155 potem
4038 2054 4055 2070 ’

846 2185 1065 2264 Agitur
1088 2183 1247 2244 enim
1284 2182 1535 2260 primum
1573 2182 1650 2245 de
1689 2180 1973 2243 libertate
2000 2180 2450 2257 stipendiorum.
2530 2180 2713 2242 Cuius
2753 2181 2844 2242 rei
2862 2181 3107 2250 initium
3145 2179 3216 2242 fit
3252 2198 3292 2244 a
3332 2180 3686 2245 Dolabellae
3725 2181 3998 2258 epistula,

845 2291 917 2349 ut
936 2286 1175 2350 videtur
1210 2285 1373 2348 nulla
1412 2285 1531 2347 alia
1575 2285 1651 2346 de
1690 2301 1873 2347 causa
1900 2317 1984 2332 —
2006 2301 2145 2347 nam
2181 2284 2470 2360 temporis
2507 2285 2669 2346 ratio
2706 2301 2825 2346 non
2858 2283 3070 2346 habita
3110 2290 3208 2347 est
3229 2317 3331 2362 —,
3370 2285 3489 2348 nisi
3529 2285 3687 2361 quod
3726 2285 3997 2348 Theodo-

847 2407 954 2453 rus
992 2389 1314 2452 Alexandri
1351 2387 1505 2450 iilius
1546 2389 1725 2449 etiam
1765 2386 1906 2449 xlv
1928 2392 2024 2465 lo,
2048 2393 2124 2450 10
2162 2394 2658 2450 commemoratus
2697 2393 2849 2450 erat.
2932 2387 3166 2451 Deinde
3205 2389 3284 2451 ad
3323 2388 3519 2466 ipsum
3557 2389 3818 2452 edictum
3842 2390 3999 2452 Len-

847 2494 960 2557 tuli
998 2494 1290 2555 transitur
1328 2493 1562 2568 aliaque
1603 2490 1868 2569 decreta,
1907 2506 2062 2566 quae
2102 2490 2312 2552 eodem
2350 2491 2655 2566 pertinent
2668 2535 2686 2563 ,
2747 2490 3119 2553 adferuntur.
3211 2492 3362 2554 Tum
3403 2493 3663 2569 epistula
3701 2476 4002 2556 commen·

850 2597 1076 2659 daticia
1113 2596 1178 2658 C.
1221 2596 1429 2657 Fannii
1467 2595 1754 2672 sequitur,
1794 2610 1949 2670 quae
1989 2609 2106 2669 quo
2142 2594 2464 2670 pertineat,
2504 2600 2574 2654 ιιι
2610 2593 2732 2655 iam
2771 2593 2913 2670 dixi,
2956 2595 3269 2657 enucleare
3309 2613 3427 2658 non
3467 2614 3797 2673 possumus.
3853 2598 3888 2676 5
3921 2602 3994 2660 16

835 2698 1059 2766 'dubito
1099 2719 1177 2763 an
1215 2700 1424 2763 eodem
1463 2699 1637 2761 modo
1675 2704 1822 2760 nata
1859 2698 1945 2758 sit
1982 2703 2165 2774 atquo
2203 2696 2239 2779 5
2281 2700 2340 2768 3,
2379 2702 2438 2773 4,
2481 2701 2537 2758 5.
2617 2696 2653 2775 5
2684 2702 2780 2774 17,
2820 2713 2976 2774 quae
3017 2698 3288 2761 ordinem
3342 2700 3779 2778 interrumpere
3838 2701 4000 2764 vide-

739 2873 754 2879 „
849 2811 982 2882 tur,
1036 2822 1152 2867 non
1191 2804 1312 2866 iam
1347 2820 1460 2881 pro
1497 2807 1662 2865 certo
1703 2800 2006 2863 adfirmari
2049 2806 2271 2877 potest,
2311 2801 2413 2877 qui
2453 2798 2587 2862 fieri
2621 2802 2891 2877 potuerit
2905 2846 2924 2878 ,
2982 2806 3052 2864 ut
3112 2802 3226 2865 boc
3267 2804 3401 2866 loco
3441 2804 3829 2867 insereretur.
3908 2804 3999 2867 Eo

852 2909 1087 2972 facilius
1143 2926 1287 2971 vero
1345 2908 1786 2988 cognoscimus,
1854 2921 1973 2982 qua
2030 2902 2107 2965 de
2164 2920 2349 2965 causa
2409 2904 2472 2965 in
2528 2904 2564 2983 5
2610 2909 2684 2965 19
2726 2906 2972 2967 tertium
3010 2905 3249 2967 Lentuli
3292 2906 3553 2968 edictum
3593 2907 3860 2970 adlatum
3899 2909 4036 2971 sit.
4138 2964 4169 2971 -

853 3012 994 3075 Sine
1032 3011 1209 3075 dubio
1248 3012 1546 3074 adiectum
1584 3016 1720 3072 erat
1757 3009 1988 3081 edicto,
2030 3007 2188 3108 quod
2223 3008 2567 3069 continetur
2605 3009 2640 3086 5
2684 3013 2760 3069 18
2801 3013 2864 3070 et
2903 3009 2995 3070 ita
3032 3007 3257 3071 factum
3298 3017 3425 3088 est,
3464 3018 3536 3074 ut
3574 3011 3686 3073 boc
3728 3011 3861 3075 loco
3900 3011 4007 3075 de-
4044 3024 4051 3031 ’

852 3132 970 3177 nuo
1029 3113 1481 3177 describeretur.
1576 3111 1916 3190 Sequuntur
1967 3097 2182 3173 dein‘de
2221 3110 2472 3173 decreta
2526 3111 2608 3172 ad
2645 3111 2896 3173 liberam
2935 3112 3248 3193 religionis
3288 3114 3779 3177 exercitationem
3814 3117 4007 3193 perti-

853 3218 1074 3281 nentia.
1151 3218 1223 3279 In
1279 3219 1618 3280 universum
1669 3217 1861 3295 igitur
1901 3214 1977 3276 de
2037 3231 2235 3276 rerum
2291 3213 2681 3290 dispositione
2722 3232 2840 3277 non
2877 3221 3083 3293 potest
3121 3216 3405 3279 dubitari.
3483 3218 3641 3280 Nam
3679 3237 3873 3297 pauca
3912 3237 4035 3299 ea,u

855 3339 1010 3401 quae
1048 3322 1365 3385 dissentire
1401 3321 1711 3397 videntur,
1748 3318 2060 3381 Nicolaum
2099 3318 2322 3389 causis,
2385 3335 2536 3395 quas
2574 3318 2698 3379 iam
2735 3336 2852 3383 uon
2890 3337 3208 3397 possumus
3246 3322 3600 3398 enucleare,
3654 3330 4011 3399 commotum

853 3426 953 3489 liic
990 3426 1115 3488 illic
1152 3425 1428 3488 attulisse
1463 3423 1785 3486 verisimile
1848 3428 1961 3485 est.
2057 3419 2456 3485 confirmatur
2509 3420 2575 3484 id
2632 3439 2708 3484 ea
2763 3438 2834 3483 re
2850 3467 2869 3497 ,
2933 3423 3092 3500 quod
3145 3426 3331 3489 etiam
3379 3427 3444 3488 in
3478 3427 3576 3489 his
3613 3428 4009 3505 paragraphis

855 3530 1044 3591 multa
1080 3529 1455 3590 inveniuntur
1490 3526 1765 3603 vestigia,
1804 3524 2020 3603 quibus
2059 3523 2482 3601 comprobatur
2518 3524 2768 3587 decreta
2805 3542 2879 3587 ex
2920 3526 3152 3613 Nicolai
3186 3531 3534 3593 narratione
3573 3536 3707 3593 arte
3746 3532 3904 3593 iuter
3941 3548 4011 3595 se

857 3634 1211 3695 cohaerente
1250 3651 1289 3694 a
1307 3633 1559 3709 lmpho
1581 3639 1820 3711 sumpta
1851 3649 2004 3695 esse.
2085 3633 2285 3712 Magis
2325 3633 2707 3711 narrationis,
2748 3650 2928 3711 quam
2963 3633 3195 3696 decreti
3234 3633 3422 3696 verba
3460 3639 3617 3706 sunt,
3658 3633 3714 3696 si
3751 3634 4008 3714 legimus

856 3737 1113 3816 in513
1151 3738 1414 3808 Λούκιος
1451 3735 1521 3798 δὲ
1553 3735 1827 3809 Λέντλος
1860 3737 2097 3808 ὕπατος
2132 3731 2267 3798 εἶπε
2307 3753 2466 3813 eqs.,
2529 3737 2584 3799 si
2624 3738 2685 3798 in
2725 3737 2762 3816 5
2804 3743 2879 3800 18
2921 3743 2986 3799 et
3028 3742 3102 3799 19
3141 3724 3401 3818 legimus
3435 3734 3540 3798 καὶ
3579 3735 3845 3800 ἀπέλυσε
3881 3741 4007 3819 πρὸ

860 3841 1098 3903 δώδεκα
1135 3842 1507 3902 lumi-cmv
1531 3843 1775 3924 Λευκίῳ
1800 3838 2052 3924 Λέντλῳ
2071 3841 2240 3923 Palm
2262 3838 2610 3924 Μαρκέλλῳ
2649 3841 2934 3914 ὑπάτοις·
2975 3850 3263 3921 παρῆσαν
3302 3859 3429 3920 equ.
3509 3842 3666 3904 Nam
3705 3841 4015 3907 decretum

861 3943 938 4006 de
977 3944 1208 4006 consilii
1244 3944 1544 4007 sententia
1582 3944 1836 4018 factum,
1897 3944 2073 4021 quale
2113 3943 2452 4005 continetur
2488 3946 2529 4020 5
2571 3949 2677 4019 19,
2736 3945 2931 4022 primo
2988 3946 3122 4009 loco
3159 3945 3446 4008 babuisse
3484 3945 3669 4009 debet
3705 3947 4012 4010 consulum

861 4049 1115 4121 nomina,
1154 4050 1345 4110 altero
1383 4049 1608 4119 locum,
1669 4048 1850 4110 tertio
1891 4048 2069 4110 diem.
2164 4048 2319 4109 Item
2370 4053 2512 4124 post
2562 4050 2803 4111 nomina
2854 4049 3103 4112 testium
3162 4066 3319 4125 quae
3379 4054 3620 4112 exstant
3670 4049 3854 4113 verba
3909 4049 4014 4112 inl
4149 4074 4154 4079 ·

847 4152 1098 4214 τούτων
1136 4151 1172 4213 ὁ
1208 4149 1483 4224 Λέντλος
1519 4124 1798 4230 &frus
1836 4153 2035 4231 magis
2074 4151 2203 4214 eius
2242 4159 2413 4229 sunt,
2473 4151 2576 4228 qui
2631 4159 2858 4215 narrat.
2967 4152 3196 4215 Eodem
3238 4152 3618 4216 referendum
3656 4160 3784 4229 est,
3841 4155 3897 4218 si
3950 4155 4016 4218 in

865 4311 1105 4370 edictum
1144 4313 1370 4372 Lentuli
1409 4326 1617 4387 autem,
1677 4316 1827 4394 quod
1864 4319 2138 4392 sequitur.
2177 4314 2251 4371 ad
2289 4314 2526 4373 Iudaeos
2563 4316 2773 4391 Ephesi
2809 4317 3126 4374 habitante·
3165 4319 3436 4391 pertinet,
3486 4315 3549 4372 id
3587 4325 3686 4374 aut
3719 4319 3803 4373 ita
3838 4318 4019 4392 expll-

865 4390 1100 4447 candum
1136 4395 1275 4463 erit,
1332 4402 1397 4449 ιιι
1443 4394 1666 4451 illorum
1718 4398 1966 4451 virorum
2014 4396 2357 4495 provinciam
2395 4393 2678 4468 Ephesum
2734 4414 2847 4451 non
2884 4397 3185 4452 excessisse
3222 4403 3283 4450 et
3318 4412 3386 4451 ea
3425 4392 3497 4450 de
3535 4412 3704 4451 causa
3737 4395 3914 4452 verba
3952 4395 4015 4454 b

850 4464 1068 4544 Ἐφέσῳ
1105 4473 1282 4527 omitti
1319 4475 1561 4545 potuisse
1598 4483 1873 4548 putemus,
1912 4481 2013 4528 aut
2048 4471 2223 4529 verba
2260 4468 2319 4528 δ
2328 4469 2546 4548 Ἐφέσῳ
2585 4474 2937 4546 neglegentia
2973 4471 3197 4546 Iosephi
3233 4471 3328 4528 vel
3364 4471 3583 4528 librarii
3620 4475 3823 4529 omissa
3861 4482 4011 4531 sunt.

1105 4552 1134 4604 1
1190 4548 1265 4606 cf.
1301 4492 1686 4623 Waddington
1721 4551 1894 4609 fasten
1931 4569 1986 4625 Ρ.
2012 4552 2105 4618 75,
2143 4552 2243 4624 qui
2268 4549 2514 4624 Γάλβας,
2592 4549 2705 4606 uod
2743 4549 2897 4625 apud
2931 4549 3231 4624 Iosephum
3268 4549 3491 4623 legitur,
3529 4552 3591 4606 in
3634 4551 3857 4619 Κάσκας
3892 4569 4017 4608 mu-

862 4623 2441 4699 ιωᾱιιιιιοοιιιοιοοριαιιοᾶοΡ.Βοι·νίΙὶοΟιεωιιὶ1ι.
2484 4628 2631 4702 ple.
2659 4624 2783 4684 a.¹¹
2788 4628 4029 4703 ‘ImquiinpugnaPhilippicaaBrufl

1013 4701 1120 4759 bus
1157 4706 1322 4762 stetit.
1400 4705 1788 4764 Mendelsaobn
1824 4708 1928 4765 illa
1965 4708 2279 4763 coniectura
2314 4704 2628 4780 improbata
2666 4724 2721 4780 Ρ.
2753 4708 2890 4775 218,
2910 4707 3027 4761 228
3071 4702 3321 4775 otum
3356 4705 3526 4762 atu-ibi
3563 4706 3702 4762 vult.
3784 4705 3895 4764 Sed
3933 4706 4002 4765 P.

1067 4784 3077 4858 ωςοωὶῃιοηοςὶςῐωῃιεάοοςηοιιιὶιιοιιιιιωοωοίιωΡΛοι
3123 4781 3260 4840 dixi.
