4459 6067
2209 782 2217 789 ’
2321 786 2401 844 94

784 934 944 999 unde
980 936 1215 998 Bitschl
1253 934 1613 1013 φηλώέπα
1652 935 1953 1014 coniecit).
2032 935 2401 1014 Quamquam
2440 944 2638 999 autem
2675 923 2796 998 iam
2835 933 2913 997 ab
2949 934 3065 998 hac
3103 941 3279 1012 parte
3316 937 3632 1000 Bitschelii
3672 943 3737 1001 et
3761 937 3931 1001 Men·

786 1039 1112 1101 delssobnii
1170 1028 1510 1100 sententiae
1569 1037 1911 1101 refutantur
1967 1073 2047 1086 —
2082 1040 2355 1102 tribuunt
2395 1041 2551 1101 enim
2592 1038 3171 1102 senatusconsultum
3232 1056 3289 1101 a.
3334 1038 3518 1114 ΨΑ»
3557 1073 3638 1086 -—
3652 1085 3670 1118 ,
3732 1048 3931 1103 tamen
3992 1056 4012 1120 ¹,

785 1159 936 1220 opus
976 1143 1095 1204 erit
1133 1141 1320 1204 etiam
1359 1142 1699 1203 accuratius
1739 1159 1944 1204 eorum
1981 1146 2470 1209 ratiocinationes
2508 1147 2679 1223 sequi
2720 1152 2784 1207 et
2821 1144 3206 1222 comprobare
3248 1162 3355 1206 eas
3392 1145 3539 1207 ferri
3577 1163 3694 1208 non
3727 1163 3927 1223 posse.

1022 1245 1377 1307 continetur
1435 1245 1591 1305 enim
1630 1244 1772 1306 XIV
1804 1250 1896 1320 10,
1925 1250 2000 1308 22
2055 1250 2118 1309 in
2174 1250 2416 1311 decreto
2465 1250 2964 1325 Pergamenorum
3019 1249 3276 1311 alterum
3332 1250 3930 1324 senatusconsultum,

785 1347 943 1425 quod
994 1349 1124 1410 sine
1174 1345 1357 1436 dubio
1397 1348 1662 1424 Hyrcani
1700 1349 1733 1410 I
1770 1348 2133 1425 temporibus
2172 1351 2397 1413 factum
2437 1359 2533 1414 est
2546 1397 2565 1426 ‚
2625 1370 2761 1415 cum
2817 1354 2879 1413 in
2946 1369 3020 1415 eo
3072 1352 3398 1428 Antiochus
3454 1352 3697 1429 quidam
3749 1369 3929 1416 vexa·

785 1448 1046 1514 tionibus
1101 1450 1165 1511 in
1226 1450 1582 1512 ludaeorum
1632 1457 1859 1513 terram
1907 1451 2208 1515 abstinere
2263 1459 2517 1516 vetetur.
2640 1454 2810 1527 Quod
2865 1473 3000 1517 cum
3052 1457 3177 1516 iam
3234 1471 3439 1516 omnes
3495 1460 3665 1516 recte
3714 1471 3931 1535 cogno·

782 1555 1034 1627 visitent,
1091 1554 1325 1615 Bitschl
1342 1553 1367 1589 ¹
1422 1558 1487 1615 et
1524 1553 1942 1616 Mendelsaohn
1961 1554 1984 1589 ³
2032 1555 2107 1617 de
2146 1557 2470 1633 Antiocho,
2529 1561 2601 1618 ut
2652 1558 2878 1635 legitur
2933 1560 2995 1619 in
3048 1558 3595 1635 senatusconsulto,
3659 1542 3933 1620 Antiochi

782 1656 825 1717 f.
867 1656 1181 1734 cyziceno,
1242 1658 1346 1733 qui
1387 1656 1527 1718 inde
1567 1655 1646 1718 ab
1686 1674 1742 1718 a.
1790 1655 1968 1731 “Vm
2010 1674 2203 1734 usque
2240 1659 2320 1719 ad
2359 1677 2415 1720 a.
2460 1657 2616 1728 ⁸⁸⁸1„
2667 1660 2877 1736 Syriae
2930 1660 3197 1737 praefuit
3213 1707 3231 1740 ,
3292 1661 3544 1740 cogitari
3590 1678 3769 1738 posse
3827 1678 3931 1723 ne-

784 1765 1096 1840 gaverunt.
1175 1759 1229 1821 N
1233 1777 1332 1821 am
1385 1777 1519 1822 cum
1570 1760 1634 1821 in
1694 1761 2207 1822 senatusconsulto
2264 1761 2370 1823 illo
2423 1762 2566 1838 Iope
2623 1760 2701 1823 ab
2744 1763 3038 1827 Antiocho
3080 1765 3372 1842 cyziceno
3429 1770 3609 1841 capta
3670 1769 3737 1826 et
3772 1769 3934 1836 ‚tota

783 1863 1011 1951 Iudaea
1047 1862 1567 1925 vehementissime
1604 1867 1820 1924 vexata
1868 1864 2237 1941 dicerentur,
2300 1881 2374 1925 ex
2414 1865 2654 1941 Iosephi
2712 1866 3058 1928 narratione
3113 1884 3409 1944 apparere
3448 1884 3558 1929 nec
3598 1867 3781 1944 Iopen
3821 1884 3930 1928 nn-

785 1984 963 2043 quam
999 1965 1064 2028 in
1103 1966 1383 2029 Antiochi
1418 1971 1725 2044 potestate
1762 1966 1951 2028 fuisse
1991 1971 2056 2028 et
2093 1963 2349 2029 Iudaeos
2389 1967 2542 2028 adeo
2583 1984 2701 2029 non
2742 1984 3068 2044 oppressos
3113 1987 3251 2032 esse
3292 1986 3331 2031 a
3370 1969 3580 2047 Syriae
3633 1986 3808 2047 rege,
3862 1975 3934 2032 ut

783 2071 904 2148 ipsi
941 2069 1282 2147 superiores
1333 2075 1553 2131 essent.
1651 2069 1891 2147 Iosephi
1949 2075 2150 2133 autem
2204 2075 2396 2132 totam
2455 2071 2692 2133 illorum
2750 2077 3088 2148 temporum
3149 2073 3557 2134 narrationem
3615 2074 3935 2136 ostendere

741 2160 755 2179 ⁸
785 2176 1364 2237 senatusconsultum
1419 2174 1728 2251 pertinere
1793 2172 1872 2236 ad
1913 2173 2265 2235 Antiochum
2304 2173 2598 2236 Demetrii
2635 2174 2676 2236 f.
2739 2175 2803 2252 (†
2832 2173 3072 2253 βψω),
3132 2176 3235 2252 qui
3287 2174 3472 2252 Iopen
3525 2165 3763 2238 Iudaeis
3817 2176 3936 2238 eri-

784 2280 1016 2356 puisset
1070 2285 1135 2342 et
1193 2280 1612 2358 Hierosolyma
1679 2282 1811 2357 ipsa
1877 2277 2182 2341 obsidione
2238 2279 2744 2342 circumdedisset.
2846 2278 2969 2341 Sed
3027 2279 3151 2340 iam
3210 2278 3563 2341 Gutschmid
3581 2278 3608 2315 ⁸
3664 2278 3741 2341 de
3798 2279 3965 2342 illo·-

782 2401 916 2446 rum
955 2384 1218 2446 virorum
1257 2364 1561 2447 sententia
1600 2381 1880 2446 dubitans
1918 2400 1992 2444 ex
2043 2384 2248 2445 multis
2296 2381 2479 2445 rebus
2518 2380 2833 2461 probabile
2869 2381 3138 2444 reddidit
3192 2382 3695 2445 senatusconsulti
3748 2381 3935 2445 verba

785 2482 1137 2565 corrigenda
1193 2504 1312 2549 non
1377 2504 1512 2550 esse
1578 2504 1653 2548 ex
1705 2486 1941 2563 Iosephi
1993 2486 2366 2562 narratione,
2442 2487 2540 2549 cui
2598 2487 2790 2551 omnis
2844 2485 2995 2547 fides
3053 2484 3410 2565 deneganda
3470 2480 3686 2549 essetz'
3748 2487 3933 2563 Iopen

784 2590 972 2653 fuisse
1011 2608 1081 2653 re
1119 2609 1265 2652 vera
1302 2591 1365 2652 in
1393 2591 1672 2654 Antiochi
1700 2590 1973 2667 cyziceni
2011 2595 2319 2667 potestate
2358 2595 2424 2653 et
2458 2591 2717 2652 Iudaeos
2756 2606 2937 2667 quam
2974 2590 3230 2652 maxime
3267 2588 3345 2651 ab
3373 2589 3476 2651 illo
3504 2606 3642 2652 esse
3667 2594 3932 2652 vexatos.

786 2694 949 2768 Quas
987 2710 1090 2757 r-es
1129 2694 1369 2757 etiamsi
1406 2696 1470 2756 in
1508 2694 1847 2757 universum
1887 2699 2051 2757 recte
2092 2695 2367 2772 exposuit
2380 2740 2398 2773 ,
2454 2700 2658 2756 tamen
2695 2694 2759 2756 in
2798 2710 2871 2755 eo
2913 2693 3170 2771 erravit,
3224 2693 3384 2771 quod
3423 2694 3606 2769 Iopen
3647 2691 3725 2755 ab
3762 2693 3933 2755 Anti·

784 2797 935 2859 ocho
988 2796 1196 2859 Sidete
1234 2797 1474 2860 Iudaeis
1528 2798 1828 2860 redditam
1881 2814 2015 2861 esse
2066 2798 2310 2874 negavit
2347 2830 2425 2843 —
2470 2797 2626 2874 q'uod
2669 2796 2907 2876 quidem
2944 2796 3191 2875 probari
3231 2814 3350 2859 non
3387 2814 3566 2874 posse
3605 2797 3726 2859 iam
3764 2797 3936 2859 Men-

786 2900 1071 2962 delssohn
1108 2901 1262 2964 vidit
1296 2934 1410 2980 —,
1470 2900 1580 2964 sed
1619 2902 1785 2963 illum
1822 2906 2058 2978 portum
2097 2906 2448 2978 occupatum
2487 2900 2676 2963 fuisse
2716 2918 2755 2963 a
2792 2900 3003 2978 Syriae
3041 2898 3284 2978 regibus
3340 2900 3481 2963 inde
3541 2899 3619 2963 ab
3657 2900 3936 2963 Antiochi

658 3057 682 3078 ,
787 2988 1011 3068 Sidetis
1050 3010 1256 3068 aetate
1293 3022 1483 3083 usque
1522 3005 1601 3069 ad
1645 3006 1994 3069 Antiochum
2022 3006 2392 3084 Cyzicenum.
2473 3008 2656 3082 Iopen
2695 3010 2915 3081 antem,
2964 3010 3037 3067 ut
3072 3005 3251 3078 inira,
3290 3003 3395 3067 ubi
3434 3004 3511 3067 de
3549 3010 3936 3067 senatuscon-
4010 3002 4017 3007 '

786 3111 947 3172 culto
985 3110 1128 3172 XIV
1152 3116 1212 3185 8,
1243 3116 1280 3172 5
1319 3112 1516 3173 relato
1556 3110 1875 3187 disputabo
1890 3155 1909 3187 ,
1949 3108 2280 3185 ostendam,
2320 3108 2398 3172 ab
2439 3108 2732 3172 Antiocho
2771 3107 2981 3171 Sidete
3018 3107 3260 3170 Iudaeis
3297 3108 3616 3171 redditam*
3636 3112 3702 3171 et
3738 3106 3935 3170 denuo

785 3212 865 3275 ab
906 3215 1199 3278 Antiocho
1240 3214 1533 3292 cyziceno
1572 3218 1971 3293 expugnatam
2009 3197 2146 3275 esse
2204 3213 2661 3276 existimandum
2712 3216 2828 3275 est.
2925 3210 3014 3273 Ut
3064 3211 3251 3287 igitur
3299 3211 3473 3274 finem
3529 3212 3779 3291 faciam,
3832 3229 3935 3275 ve·

783 3316 1187 3379 risimillinum
1223 3312 1492 3381 reddidit
1532 3316 1886 3380 Gutschmid
1924 3316 2108 3393 Iopen
2149 3317 2213 3378 in
2252 3317 2534 3380 Antiochi
2572 3316 2850 3395 Cyziceni
2900 3319 3229 3409 potestate⁸
3260 3314 3449 3377 fuisse
3507 3322 3572 3378 et
3629 3317 3936 3378 decretum

785 3420 928 3482 XIV
963 3426 1055 3494 10,
1085 3424 1161 3482 22
1203 3421 1284 3483 ad
1326 3422 1456 3484 eius
1496 3426 1762 3484 aetatem
1799 3420 2176 3482 referendum
2215 3437 2369 3482 esse.
2449 3421 2577 3482 Iam
2616 3437 2761 3482 vero
2800 3419 2922 3480 alia
2962 3418 3287 3497 accedunt,
3347 3436 3500 3496 quae
3540 3419 3937 3482 Gntschmidii

785 3524 1145 3586 sententiam
1183 3541 1366 3587 unam
1403 3542 1607 3587 veram
1621 3570 1640 3599 ‚
1701 3523 2161 3586 Mendelssohnii
2202 3529 2268 3586 et
2304 3523 2622 3586 Ritschelii
2659 3540 2803 3584 vero
2841 3520 3295 3599 improbandam
3333 3540 3469 3585 esse
3508 3523 3933 3586 demonstrant.

1026 3628 1450 3691 Mendelssohn
1499 3629 1658 3691 enim
1708 3633 1887 3705 putat
1937 3629 2515 3691 senatusconsultum
2570 3627 2713 3689 XIV
2744 3632 2838 3699 10,
2867 3629 2944 3688 22
3003 3627 3186 3704 paulo
3241 3631 3385 3704 post
3441 3625 3744 3688 decretum
3790 3610 3938 3690 XIII

788 3734 846 3807 9,
874 3734 913 3792 2
964 3730 1192 3792 factum
1251 3747 1417 3808 esse,
1473 3737 1790 3808 ntrum11ue
1828 3731 2014 3809 igitur
2065 3749 2122 3794 a.
2153 3729 2366 3801 αιΙιοο.
2471 3731 2740 3793 Primum
2780 3735 2978 3794 autem
3018 3728 3302 3807 precibus
3339 3729 3694 3792 Indaeorum
3732 3748 3937 3794 mense

786 3830 1114 3895 Februario
1153 3850 1192 3895 a
1232 3840 1449 3897 senatu
1487 3833 1805 3915 denegatis
1863 3834 2033 3915 (xm
2060 3840 2118 3912 9,
2146 3833 2211 3913 2)
2263 3836 2360 3909 vix
2418 3834 2706 3897 credibile
2757 3838 2855 3897 est
2912 3833 3124 3896 eodem
3170 3850 3328 3896 anno
3383 3834 3634 3896 alteram
3686 3835 3936 3911 legatio-

786 3953 925 3999 nem
974 3937 1217 3999 missam
1278 3954 1415 4000 esse
1454 3939 1703 4001 Romam
1718 3984 1736 4016 ,
1793 3938 2151 4015 praecorum
2191 3956 2327 4000 cum
2366 3955 2441 4000 ex
2477 3939 2557 4000 iis
2570 3982 2589 4014 ,
2653 3954 2809 4015 quae
2868 3937 2947 4000 de
3001 3935 3304 4014 prioribus
3358 3936 3759 4016 legationibus
3806 3945 3938 4002 tra-

788 4041 919 4103 dita
958 4046 1129 4115 aunt,
1190 4043 1343 4104 satis
1385 4043 1624 4105 eluceat
1668 4043 1855 4104 multo
1918 4042 2148 4104 maiora
2205 4043 2494 4119 temporis
2537 4043 2737 4120 spatia
2790 4038 3192 4121 legationibus
3229 4040 3477 4101 Romam
3532 4041 3730 4104 missis
3786 4043 3940 4106 trita

791 4160 946 4206 esse.
1027 4144 1207 4206 Falso
1248 4145 1434 4207 etiam
1473 4162 1512 4207 a
1552 4145 2027 4209 Mendelssohnio
2064 4145 2250 4209 verba
2288 4147 2593 4210 ‘senatum
2631 4146 2708 4208 de
2744 4143 3025 4223 precibus
3061 4142 3417 4205 Iudaeorum
3456 4149 3728 4207 acturum
3780 4163 3938 4226 ease,

789 4245 938 4308 ὅταν
976 4244 1098 4309 ἀπὸ
1134 4256 1261 4308 τῶν
1302 4248 1481 4309 ἰδίων
1520 4248 1560 4327 ἡ
1599 4249 1938 4328 σύγκλητος
1974 4250 2317 4330 εὐσχολήσῃ
2330 4250 2349 4281 ’
2388 4250 2700 4312 intellecta
2737 4254 2897 4335 sunt,
2937 4236 3070 4310 cum
3099 4263 3174 4310 ea
3198 4248 3288 4310 ita
3326 4265 3388 4325 ι).
3422 4253 3533 4310 135
3571 4249 3936 4328 interpreta-

790 4355 891 4412 tus
947 4350 1060 4412 sit:
1120 4351 1137 4383 ‘
1153 4349 1387 4428 Quippe
1428 4352 1736 4414 commode
1774 4359 2020 4416 senatus
2058 4353 2171 4415 tali
2207 4354 2568 4431 praesertim
2603 4353 2801 4429 qualis
2837 4369 2894 4414 a.
2924 4349 3109 4426 ⁸⁸¹lm
3150 4355 3288 4412 erat
3325 4357 3652 4428 temporum
3677 4354 3941 4418 civilium

790 4454 1022 4515 ratione
1081 4453 1436 4517 Iudaeorum
1493 4455 1732 4536 legatos
1781 4456 1844 4517 in
1894 4457 2318 4535 opportuniora
2365 4463 2640 4532 tempora
2694 4455 2925 4518 reicere
2977 4452 3177 4531 potuit
3190 4497 3211 4531 ,
3276 4444 3426 4514 ὅταν
3460 4496 3480 4515 .
3517 4497 3536 4515 .
3573 4455 3936 4538 εὐσχολήσῃ,

1039 4687 1068 4739 1
1127 4684 2446 4763 ecmannuaxxvmaeioaaasi.
2727 4689 2765 4744 ²
2820 4641 3622 4763 pissqaetaas-ssae.

796 4763 833 4819 a
896 4760 969 4818 ef.
1013 4761 1279 4820 nm.
1321 4762 1694 4822 emmiu-a
1734 4767 1886 4822 1874
1923 4783 1980 4840 p.
2012 4765 2164 4822 issa
2195 4781 2311 4841 eq..
