4459 6067
1936 745 2014 802 ⁶⁶1

576 890 615 967 9
654 893 710 950 s.
780 889 1096 966 particula
1133 846 1256 950 svs
1310 890 1542 952 Natura
1578 890 1885 954 emiorum
1921 892 2206 970 efficitur,
2247 899 2318 958 ut
2353 913 2535 972 saepe
2571 897 2924 974 pauculam
2961 899 3042 958 av
3077 896 3400 963 adhibitm
3437 899 3533 961 ιιι-

411 990 719 1053 -veniamus
758 996 822 1053 et
858 992 921 1053 in
962 992 1283 1054 enuntiatis
1321 993 1587 1055 relativis
1626 994 2024 1057 condicionem
2066 997 2361 1073 quandam
2401 998 2834 1061 continentibus
2895 1000 3090 1078 (ὅστις
3127 1001 3241 1078 ἄν,
3303 1000 3528 1074 οἵτινες

414 1095 512 1172 ἄν,
551 1093 687 1156 ὅσοι
710 1094 817 1172 ἄν)
858 1100 922 1158 et
958 1096 1021 1156 in
1052 1095 1340 1173 formulis,
1379 1102 1449 1158 ut
1486 1097 1681 1169 οὕτως
1715 1099 1927 1170 καθὼς
1960 1097 2043 1160 ἂν
2077 1099 2267 1160 αὐεῶι
2293 1097 2361 1160 ἐκ
2397 1111 2519 1162 τῶν
2546 1103 2857 1179 δημοσίων
2882 1103 3248 1182 πραγμάτων
3272 1104 3531 1176 πίστεώς

412 1216 480 1257 τε
517 1205 625 1276 τῆς
663 1198 826 1269 ἰδίας
864 1201 1184 1277 palmam
1243 1199 1628 1277 neglegenter
1680 1193 1820 1262 vero
1871 1201 2072 1262 XVIII
2092 1206 2167 1261 67
2219 1203 2301 1262 ἄν
2354 1201 2429 1263 ab
2476 1202 2801 1280 interprete
2840 1206 3104 1267 additum
3146 1212 3273 1269 est:
3336 1207 3534 1278 oiim

413 1300 626 1371 καθὼς
662 1299 741 1361 ἂν
779 1343 1027 1362 .....
1069 1299 1382 1380 ἐφαίνετο,
1436 1302 1750 1365 manifesto
1788 1321 1862 1365 ea
1903 1304 1979 1366 de
2019 1321 2198 1366 causa
2215 1350 2235 1382 ‚
2294 1305 2452 1380 quod
2488 1306 2568 1365 ἄν
2606 1306 2846 1383 scripsit
2884 1325 2957 1370 ex
2993 1308 3298 1386 formulae,
3351 1326 3526 1386 quam

416 1403 591 1465 modo
632 1403 832 1476 attuli,
899 1404 1324 1466 consuetudine
1379 1403 1544 1465 verbi
1593 1406 1748 1482 quod
1795 1408 1960 1484 sequi
2003 1405 2266 1468 debebat
2325 1409 2555 1470 ratione
2613 1425 2728 1470 non
2779 1409 3003 1472 habits.
3080 1412 3149 1474 In
3188 1412 3397 1475 eodem
3435 1413 3531 1475 tit.

420 1508 603 1567 etiam
640 1506 862 1583 legitur
899 1505 974 1578 ἃς
1012 1505 1091 1585 ἂν
1130 1551 1148 1567 .
1188 1550 1206 1567 .
1243 1550 1260 1567 .
1297 1507 1769 1571 συντελέσουσιν
1809 1510 1890 1584 (v.
1919 1512 2042 1587 48),
2084 1509 2240 1586 quod
2281 1511 2518 1572 minime
2558 1510 2786 1587 Polybii
2822 1513 2953 1574 loco
2990 1514 3320 1591 (XXXVIII
3352 1519 3443 1593 11,
3464 1515 3529 1593 7)
3573 1529 3589 1542 ·

379 1660 384 1667 .
419 1608 660 1671 defendi
697 1615 918 1686 potest,
959 1627 1092 1671 cum
1131 1616 1471 1687 excerptum
1508 1612 1652 1673 illud
1692 1613 1769 1675 de
1807 1614 1967 1675 illius
2006 1613 2315 1690 scriptoris
2354 1631 2624 1676 sermone
2662 1614 2807 1675 nihil
2839 1614 3089 1691 probare
3115 1619 3320 1694 possit.
3400 1617 3534 1690 Qus

418 1710 496 1773 de
549 1729 731 1773 causa
782 1712 936 1773 banc
988 1712 1222 1774 dicendi
1273 1714 1562 1776 rationem
1619 1732 1692 1776 ex
1741 1716 1996 1779 hominis
2034 1717 2285 1778 Romani
2339 1717 2640 1794 imperitia
2690 1723 2892 1780 natam
2941 1735 3072 1782 esse
3119 1720 3525 1784 iudicabimus.

419 1814 537 1877 Sed
578 1816 762 1878 etiam
799 1816 1130 1892 particulae
1169 1821 1333 1878 recte
1372 1817 1679 1880 adhibitae
1718 1819 1904 1880 multa
1943 1825 2181 1881 exstant
2218 1821 2520 1898 exempla,
2567 1820 2644 1883 cf.
2670 1822 2732 1882 11
2763 1826 2856 1896 18,
2894 1822 2979 1882 IX
3003 1826 3098 1884 27.
3123 1826 3218 1884 28.
3241 1827 3335 1886 87.
3450 1800 3453 1803 ’

660 1970 695 2048 5
736 1964 824 2032 95
872 1972 1195 2033 Enuntiata
1253 1972 1652 2049 hypothetica.
1750 1972 1943 2050 Saepe
1983 1972 2094 2034 ἐάν
2132 1980 2479 2050 usurpatum
2517 1980 2613 2036 est
2650 1976 2713 2036 in
2751 1975 3019 2038 formulis
3068 1975 3176 2037 &he
3230 1980 3537 2057 φαίνηται,

423 2072 534 2134 ἐὰν
551 2071 870 2149 ‚haman
927 2073 1069 2135 XXI
1096 2079 1175 2134 40
1225 2073 1335 2134 ἐὰν
1371 2075 1700 2152 βούλονται
1741 2082 1805 2137 et
1842 2075 1951 2156 ἐὰν
1986 2079 2241 2154 θελήσει
2296 2083 2366 2137 ut
2418 2078 2479 2137 in
2531 2078 2708 2139 titulo
2757 2079 3227 2157 corruptissimo,
3289 2081 3534 2142 correxi.

423 2177 596 2239 xvn
624 2181 699 2237 22
742 2177 895 2239 false
935 2178 995 2238 ει
1032 2211 1111 2222 -
1149 2178 1484 2257 ὸφεαωσω
1535 2162 1820 2256 scriptum
1875 2186 1971 2242 est
2024 2197 2133 2255 pro
2187 2179 2298 2240 ἐὰν
2336 2213 2417 2225 -
2454 2180 2821 2260 speciem,
2882 2199 3055 2258 quam
3107 2181 3538 2261 neglegentiam

424 2279 722 2343 scribendi
775 2280 959 2343 etiam
1011 2282 1073 2341 in
1114 2280 1285 2343 libris
1325 2299 1455 2344 nov.
1486 2286 1624 2344 test.
1654 2282 1902 2343 inveniri
1942 2282 2267 2344 Buttmann
2304 2301 2363 2360 p.
2398 2288 2511 2345 190
2538 2300 2661 2361 eqs.
2702 2290 2977 2347 testatur.
3055 2286 3249 2346 Etiam
3289 2286 3563 2361 optativi·

421 2400 554 2446 cum
593 2382 672 2444 ἂν
711 2389 776 2445 et
802 2385 1133 2461 particulae
1172 2385 1232 2445 εἰ
1267 2401 1318 2445 c.
1348 2384 1468 2446 ind.
1498 2386 1766 2462 exempla
1793 2392 2032 2448 exstant
2057 2388 2118 2447 in
2146 2385 2401 2448 formula
2437 2387 2496 2448 εἰ
2531 2389 2830 2465 ἔρρωσθε,
2872 2383 2944 2450 εὖ
2978 2386 3057 2448 ἂν
3090 2390 3218 2468 ἔχοι
3255 2372 3454 2449 xv‘m
3477 2391 3535 2462 2,
3704 2450 3711 2459 ,

421 2487 543 2547 VA
556 2492 613 2563 8,
639 2486 725 2548 VI
739 2493 797 2564 4,
823 2487 1022 2548 XXXI
1038 2491 1075 2549 2
1094 2487 1195 2565 (cf.
1213 2487 1450 2564 Kruger
1469 2490 1704 2553 Griech.
1720 2490 1987 2566 Sprachl.
2009 2491 2041 2551 1
2068 2497 2163 2565 54,
2187 2495 2279 2562 12,
2295 2493 2376 2568 7).
2442 2491 2687 2553 Irrealis
2714 2490 2966 2568 denique
2991 2496 3153 2553 recte
3178 2490 3255 2553 ab
3274 2493 3538 2567 Augusto
3576 2529 3586 2540 ·
3710 2526 3713 2527 ν

420 2591 508 2653 IX
536 2594 613 2652 28
651 2592 882 2667 positus
922 2596 1034 2652 eet.
1081 2670 1086 2675 Ι
1114 2590 1452 2653 Inauditum
1491 2611 1629 2655 vero
1668 2611 1854 2670 genus
1898 2593 2134 2655 dicendi
2173 2594 2501 2656 invenimus
2538 2595 2599 2655 in
2635 2592 3006 2657 foederibus:
3044 2593 3184 2654 XXI
3211 2598 3306 2668 27,
3345 2591 3422 2654 ci.
3441 2598 3641 2673 3²⁸-ss
3712 2641 3719 2645 .

424 2697 626 2759 XXIII
654 2702 751 2775 23,
790 2696 867 2759 ei.
893 2704 965 2759 18
1006 2697 1254 2775 legimus
1292 2715 1401 2774 pro
1440 2697 1550 2759 ἐάν
1588 2710 1652 2760 ’σε
1691 2699 1774 2769 ὥς
1809 2719 1876 2759 τε
1914 2714 1968 2759 c.
2003 2698 2175 2775 coni„
2215 2698 2373 2774 quod
2413 2698 2569 2759 unde
2608 2703 2813 2759 natum
2850 2698 2949 2772 sit,
2984 2698 3082 2758 vix
3118 2697 3399 2774 explicari
3435 2708 3541 2772 po*
3584 2748 3596 2757 .

428 2806 570 2863 test.
651 2801 809 2862 Nam
847 2802 910 2862 in
949 2801 1270 2878 exemplari
1309 2801 1494 2863 latino
1532 2805 1730 2862 utrum
1769 2801 1874 2862 ‘ut‘
1913 2818 1990 2862 an
2034 2801 2204 2861 ‘cum'
2245 2800 2457 2874 fuerit,
2504 2799 2759 2862 *dubium
2797 2805 2909 2863 est.
3011 2800 3188 2862 Certe
3226 2800 3302 2861 ad
3342 2799 3426 2871 ὣς
3461 2800 3541 2859 ἄν

426 2904 765 2967 addendum
792 2909 943 2982 erat,
984 2921 1060 2966 ne
1096 2904 1274 2981 plane
1315 2921 1353 2965 a
1391 2920 1661 2966 sermone
1702 2904 1934 2966 Graeco
1974 2903 2326 2966 abhorreret
2363 2902 2466 2981 (ci.
2504 2902 2580 2968 N.
2602 2905 2671 2967 T.
2712 2907 2759 2967 L
2781 2905 2916 2968 Gor.
2948 2910 3042 2980 11,
3063 2909 3158 2981 84,
3195 2904 3346 2966 Phil.
3366 2908 3423 2982 2,
3443 2908 3539 2966 28.

424 3009 748 3071 Buttmann
784 3025 845 3085 p.
875 3012 989 3070 188
1011 3009 1182 3086 equ).

668 3166 703 3244 9
748 3170 840 3227 10.
924 3164 1250 3225 Enuntiata
1289 3162 1504 3225 finalia.
1582 3162 2018 3225 Particulsrum
2055 3161 2316 3224 finalium
2347 3163 2724 3225 inveniuntur
2744 3163 3087 3240 plerumque
3126 3162 3308 3240 ὅπως,
3347 3162 3542 3224 rarius

425 3269 558 3348 ἵνα,
598 3285 729 3331 cum
768 3266 1050 3344 Polybius
1085 3267 1394 3329 rarissime
1429 3270 1633 3328 utatur
1681 3266 1848 3338 ὅπως
1886 3271 1951 3327 et
1989 3265 2103 3343 «be,
2160 3266 2505 3343 plerumque
2557 3267 2665 3328 ἵνα
2714 3264 2818 3344 (cf.
2855 3266 3115 3327 Kaelker
3150 3282 3209 3343 p.
3235 3268 3340 3327 191
3374 3260 3545 3344 eqs‚).

426 3374 572 3436 Cum
614 3379 816 3435 autem
856 3371 1226 3432 enuntiatum
1263 3369 1440 3432 finale
1479 3369 1815 3448 negandum
1855 3373 2052 3446 esset,
2091 3367 2468 3431 scribebatur
2503 3368 2673 3441 ὅπως
2705 3371 2821 3448 μή,
2858 3368 2965 3430 ἵνα
2998 3370 3084 3447 μή
3121 3369 3215 3445 (ut
3250 3366 3380 3446 ne),
3437 3365 3547 3429 sed

431 3475 829 3540 contraimus
855 3473 1077 3536 aetatis
1102 3490 1434 3540 sermonem
1457 3473 1625 3534 xvn
1648 3478 1738 3534 15.
1762 3477 1839 3534 22
1878 3472 2175 3548 particula
2209 3472 2398 3534 latina
2438 3473 2552 3534 ‘ne’
2592 3471 2942 3549 simpliciter
2975 3471 3273 3533 redditum
3307 3475 3402 3533 est
3437 3486 3548 3547 per

427 3583 529 3660 μή.
608 3581 852 3657 Semper
893 3579 1296 3640 coniunctivus
1336 3583 1534 3640 exstat
1573 3578 1634 3638 in
1673 3575 1769 3637 bis
1810 3576 2135 3637 enuntiatis
2148 3620 2167 3652 ,
2224 3580 2296 3636 ut
2334 3577 2519 3637 etiam
2555 3592 2594 3637 a
2632 3574 2878 3652 Polybio
2916 3575 3209 3651 optativus
3243 3573 3546 3636 rarissime

425 3684 659 3762 positus
699 3688 798 3746 est
835 3684 915 3761 (v.
932 3682 1193 3745 Kaelker
1230 3700 1289 3759 p.
1312 3686 1429 3744 288
1470 3687 1535 3741 et
1572 3679 1650 3742 de
1689 3677 1859 3740 libris
1897 3678 1973 3740 N.
2002 3679 2072 3739 Τ.
2111 3678 2436 3740 Buttmann
2474 3696 2533 3756 p.
2557 3677 2718 3759 201).
2806 3677 3030 3756 Polybii
3069 3676 3548 3739 consuetudinem

429 3787 623 3849 secuti
660 3787 1023 3862 interpretes
1063 3786 1246 3847 etiam
1282 3783 1467 3846 verba
1509 3782 1808 3854 censendi,
1852 3781 2108 3857 dicendi,
2162 3782 2481 3857 iudicandi,
2521 3798 2676 3859 quae
2714 3799 2753 3843 a
2791 3781 3071 3858 classicis,
3127 3780 3227 3857 qui
3256 3781 3548 3858 dicuntur,

432 3889 776 3954 auctoribus
815 3907 944 3952 cum
985 3887 1271 3950 infinitivo
1310 3888 1504 3950 solent
1543 3887 1821 3966 coniungi
1834 3932 1851 3961 ,
1921 3902 2054 3948 cum
2093 3886 2404 3962 particulis
2438 3885 2606 3958 ὅπως
2643 3887 2739 3948 vel
2774 3887 2879 3947 ἵνα
2914 3887 3178 3965 iungunt.
3271 3883 3389 3946 Sed
3406 3873 3410 3877 ’
3430 3883 3552 3947 alis

428 4012 532 4057 res
559 3974 813 4056 'maioris
855 3992 1155 4054 momenti.
1237 3991 1304 4052 In
1347 3992 1670 4053 enuntiatis
1710 3992 1887 4063 enim,
1944 3988 2159 4066 quibus
2215 3991 2515 4052 sententia
2564 3988 2760 4052 finalis
2817 3991 3191 4066 exprimitur,
3251 4004 3368 4049 non
3423 3992 3549 4048 tam

430 4098 851 4176 grammaticas
891 4098 1056 4173 leges
1095 4095 1289 4157 secuti
1327 4100 1465 4156 sunt
1502 4096 1865 4170 interpretes
1905 4110 2083 4169 quam
2124 4094 2620 4156 constructionem
2664 4091 2969 4153 verborum
3012 4092 3344 4153 latinorum.
3421 4088 3550 4151 Hoc

430 4206 683 4278 apparet
728 4218 801 4263 ex
841 4201 1000 4262 Mon.
1044 4200 1187 4261 Anc.
1288 4197 1407 4259 Ubi
1460 4198 1612 4258 enim
1668 4197 1972 4259 ‘decrevit’
2030 4214 2163 4257 cum
2200 4196 2305 4257 ini.
2347 4195 2622 4276 gerundii
2660 4197 3025 4257 coniunctum
3066 4198 3161 4256 est
3174 4238 3192 4268 ,
3254 4194 3552 4271 interpres

427 4308 628 4382 posuit
652 4303 1003 4365 infinitivum
1032 4320 1157 4364 sor.
1188 4319 1344 4378 pass.
1407 4301 1508 4378 (cf.
1545 4301 1678 4362 Lat.
1721 4305 1779 4376 2,
1810 4306 1886 4363 39
1916 4327 1994 4352 -2
2022 4301 2126 4362 Gr.
2156 4305 2212 4376 7,
2231 4304 2303 4375 2;
2343 4301 2479 4362 Lat.
2496 4304 2554 4378 2,
2571 4306 2650 4361 46
2677 4326 2754 4352 -ι
2783 4300 2887 4361 Gr.
2909 4304 2966 4376 7,
2993 4304 3093 4373 10;
3133 4290 3271 4358 Lat-⁶
3287 4302 3344 4374 6,
3365 4302 3441 4358 27
3469 4322 3548 4350 ====

429 4410 534 4471 Gr.
554 4413 647 4483 18,
673 4407 834 4486 14)¹.
915 4405 1035 4467 Sed
1074 4406 1208 4467 Lat.
1238 4409 1294 4481 3,
1321 4408 1357 4466 3
1415 4420 1546 4466 cum
1598 4406 1905 4482 legeretur
1963 4408 2069 4465 ‘ut
2091 4404 2486 4465 ‘interessent
2522 4436 2589 4446 —
2634 4402 2897 4479 decrevit
2934 4384 3203 4462 senatus’
3255 4401 3552 4478 interpres
3606 4464 3617 4472 ,

427 4513 671 4589 scripsit
721 4511 828 4572 ἵνα
863 4507 1197 4588 μετέχωσιν
1234 4541 1315 4553 -
1353 4507 1690 4587 ἐψηφίσατο
1729 4507 1864 4585 (Gr.
1892 4512 1948 4580 7,
1994 4507 2115 4585 18),
2172 4505 2252 4569 cf.
2291 4506 2397 4597 Grt
2419 4513 2475 4584 8,
2498 4511 2571 4568 15
2612 4532 2690 4557 ==
2730 4506 2863 4567 Lat.
2889 4492 2945 4583 1,
2966 4509 3078 4580 393
3142 4504 3246 4565 Gr.
3274 4508 3332 4578 5,
3360 4509 3431 4564 17
3470 4528 3551 4556 ε-

674 4723 704 4775 1
768 4717 867 4776 Gr.
892 4719 947 4787 2,
971 4719 1045 4773 18
1084 4720 1249 4773 nimis
1285 4717 1460 4773 latine
1494 4714 1611 4772 δεῖν
1652 4715 1904 4772 &fecem
1944 4712 2248 4789 ἐψηφίσατο
2271 4739 2343 4764 =
2364 4714 2489 4770 Lat.
2517 4719 2569 4784 1,
2588 4717 2664 4770 26
2704 4714 2946 4772 decrevit
2972 4712 3389 4788 suppliesndum
3418 4727 3556 4768 esse.

2836 4861 2841 4865 q
2925 4814 3037 4877 ‘9‘
