4459 6067
2406 789 2521 847 loo
3340 786 3377 796 ““

908 941 987 1004 U.
1027 941 1105 1005 de
1141 941 1527 1005 Wiismowits
1567 941 1826 1003 animum
1859 924 2055 1003 meum
2093 938 2373 1016 advertit,
2411 956 2543 1002 cum
2580 939 2777 1001 omnia
2816 956 2890 1002 ea
2931 939 3006 1001 de
3045 940 3561 1003 senatusconsulto
3598 938 3740 1002 XIV
3758 942 3818 1017 8,
3839 944 3875 1001 5
3917 939 4042 1001 iam

908 1045 1277 1123 scripsissem
1293 1085 1313 1118 .
1351 1043 1752 1123 comprobavit
1791 1042 2176 1123 Agathoclem
2214 1042 2558 1104 archontem
2572 1087 2591 1119 ‚
2630 1043 2798 1104 cuius
2837 1058 2990 1104 anuo
3029 1041 3337 1104 decretum
3378 1043 3591 1105 eodem
3624 1042 3867 1119 Ioeephi
3904 1042 4038 1121 loco

909 1148 1167 1211 relatum
1206 1146 1430 1210 factum
1468 1151 1587 1226 est,
1644 1146 2058 1223 magistratum
2095 1163 2267 1209 suum
2305 1143 2634 1209 obtinuisse
2673 1162 2723 1206 c.
2746 1163 2799 1207 a.
2826 1143 3003 1218 ¹”lm
3042 1145 3156 1206 i.e.
3196 1163 3253 1207 a.
3276 1163 3335 1208 u.
3376 1144 3658 1220 c.⁸⁸⁸lm.
3750 1145 4044 1223 Iosephus
4164 1196 4171 1202 .
4224 1140 4271 1235 J

908 1251 1102 1332 igitur
1137 1267 1254 1313 non
1291 1251 1482 1313 solum
1520 1250 2089 1313 unatusconsultum
2125 1248 2266 1311 xlv
2291 1253 2349 1323 8,
2377 1253 2413 1310 5
2429 1293 2449 1323 ,
2503 1247 2614 1309 sed
2672 1248 2857 1309 etiam
2906 1248 3055 1311 illud
3094 1248 3403 1311 decretum
3445 1248 3892 1310 Atheniensium
3930 1266 4044 1326 per
4094 1232 4106 1244 “

916 1371 1180 1418 errorem
1218 1354 1480 1433 Hyrcani
1514 1354 1578 1416 11
1612 1351 1976 1431 temporibus
2014 1351 2226 1415 tribuit
2239 1397 2258 1429 ,
2318 1368 2452 1413 cum
2490 1351 2569 1413 ad
2611 1352 2889 1428 Hyrcani
2911 1351 2943 1413 1
2982 1357 3247 1414 aetatem
3281 1353 3601 1415 referenda
3640 1357 3863 1415 essent.

1146 1462 1312 1520 Anno
1348 1457 1539 1537 igitur
1574 1455 1855 1535 Lmlm,
1913 1462 1982 1519 ut
2017 1455 2331 1518 redeamus
2369 1454 2451 1516 sd
2500 1470 2660 1529 τοιιι,
2717 1471 2849 1516 cum
2892 1454 3100 1517 Iudaei
3139 1454 3218 1517 ab
3256 1455 3549 1518 Antiocho
3589 1455 3797 1518 Sidete
3852 1455 3913 1516 in
3951 1454 4045 1518 di·
4080 1504 4103 1539 ,ἶ
4154 1526 4157 1527 ⁷

905 1561 1132 1625 tionem
1166 1561 1398 1625 redacti
1437 1567 1655 1637 essent,
1695 1562 2001 1638 Hyrcanus
2039 1558 2243 1621 auxilii
2273 1574 2456 1620 causa
2472 1557 2716 1636 legatos
2740 1557 2992 1619 Romam
3016 1559 3281 1622 miserat.
3360 1558 3620 1635 Quorum
3645 1574 3857 1636 preces
3881 1575 3921 1621 a
3946 1574 4045 1621 se·
4174 1570 4185 1579 ·

911 1672 1060 1729 natu
1099 1666 1432 1746 denegatae
1472 1671 1611 1728 sunt
1650 1664 1820 1742 (xm
1839 1668 1895 1741 9,
1912 1664 1995 1739 2).
2094 1660 2225 1734 Qua
2276 1660 2354 1723 de
2413 1678 2596 1724 cauas
2632 1659 2945 1737 Hyrcanos
2990 1678 3198 1737 pacem
3252 1661 3415 1724 haud
3467 1661 3557 1724 ita
3615 1677 3870 1739 aequam
3908 1677 4045 1724 cum

908 1769 1202 1833 Antiocho
1260 1768 1461 1832 iacere
1499 1774 1742 1831 coactus
1790 1772 1885 1831 est
1934 1772 1998 1829 et
2035 1748 2274 1828 demum
2307 1763 2465 1842 'poet
2503 1763 2779 1827 Antiochi
2831 1770 3086 1827 mortem
3138 1783 3193 1826 a.
3217 1763 3399 1839 ο*Ἷιιι
3438 1765 3718 1844 Hyrcano
3770 1765 4046 1845 contigu,

910 1877 982 1935 ut
1017 1873 1297 1950 populum
1333 1888 1505 1935 suum
1562 1871 1811 1950 imperio
1863 1886 2067 1948 regum
2105 1867 2313 1946 Syriae
2372 1866 2662 1930 liberaret
2711 1867 3001 1943 simulque
3063 1867 3212 1931 finea
3249 1870 3422 1947 regni
3458 1869 3554 1932 sui
3593 1866 3985 1945 amplificaret
4001 1866 4044 1931 ¹.

910 1973 1082 2048 Quod
1121 1990 1254 2037 cum
1291 1973 1553 2051 fecisset,
1592 1973 1655 2034 in
1690 1972 2025 2035 uuiversum
2060 1988 2272 2049 pacem
2288 1971 2576 2048 ·retinuit,
2616 1970 2756 2033 dum
2783 1971 2958 2047 Syria
2998 1970 3176 2035 bellis
3215 1971 3486 2034 civilibus
3524 1971 3823 2034 turbatur.
3902 1971 4043 2049 Ipse

914 2082 1118 2140 autem
1156 2077 1269 2140 hoc
1306 2077 1590 2154 temporis
1626 2082 1982 2139 momentum
2021 2081 2227 2152 aptum
2253 2073 2557 2151 putavisse
2576 2072 2835 2149 videtur,
2876 2090 2993 2151 quo
3030 2075 3447 2138 commercium
3486 2081 3549 2137 et
3588 2075 3915 2138 amicitiam
3951 2091 4051 2137 so-
4100 2088 4123 2098 ‘

913 2180 1311 2258 cietatemque
1350 2197 1483 2244 cum
1520 2185 1734 2243 senatu
1757 2180 2100 2257 populoque
2136 2178 2405 2241 Romano
2444 2177 2904 2254 redintegraret.
2922 2249 2943 2259 Q
2983 2178 3196 2255 Itaque
3235 2195 3292 2241 a.
3316 2176 3498 2254 Μία.
3539 2178 3776 2259 legatos
3794 2178 4048 2241 Romam

912 2283 1082 2347 misit
1117 2300 1249 2347 cum
1288 2289 1458 2347 scuto
1497 2300 1697 2358 aureo,
1736 2283 1837 2361 qui
1883 2300 1923 2346 a
1961 2287 2176 2345 senam
2212 2286 2492 2359 peterent
2531 2281 2823 2358 epistulas
2861 2281 2942 2342 sd
2978 2297 3153 2357 reges
3192 2281 3582 2359 civitatesque
3621 2280 3847 2344 liberas
3883 2278 4046 2362 ὑιδρ

915 2396 1032 2449 τοῦ
1069 2390 1185 2467 τήν
1220 2408 1288 2451 τε
1322 2389 1529 2468 χώραν
1564 2386 1767 2450 αὐτῶν
1801 2384 1906 2448 καὶ
1944 2387 2091 2458 τοὺς
2125 2382 2376 2464 λιμένας
2412 2383 2621 2457 ἀδείας
2654 2384 2982 2465 τυγχάνειν
3017 2381 3122 2445 καὶ
3159 2381 3355 2463 μηδὲν
3378 2383 3749 2447 ἀδικεῖσθαι.
3826 2384 4044 2448 Postu·

915 2491 1114 2553 latent
1152 2492 1357 2570 igitur,
1395 2496 1464 2553 ιιι
1499 2497 1743 2554 senatus
1781 2490 2054 2568 Hyrcano
2089 2492 2431 2567 praestaret
2468 2492 2695 2551 statum
2731 2505 2962 2565 rerum,
3022 2488 3125 2566 qui
3177 2493 3305 2551 tum
3345 2492 3508 2564 erat,
3550 2494 3615 2552 et
3654 2488 3927 2566 epistulis
3966 2487 4048 2551 ad

920 2611 1095 2671 reges
1134 2594 1333 2657 minsis
1369 2593 1591 2656 vicinos
1627 2592 1974 2656 Iudaeorum
2012 2593 2334 2667 retineret,
2373 2609 2450 2655 ne
2489 2609 2693 2655 eorum
2732 2596 2958 2655 terram
2998 2599 3063 2653 et
3099 2593 3378 2669 populum
3419 2593 3956 2674 aggrederentur.
3913 2590 3939 2629 ⁹

1158 2697 1275 2760 Sed
1316 2714 1446 2760 cum
1502 2697 1600 2760 hic
1653 2703 1864 2775 agatur
1920 2697 1997 2759 de
2034 2696 2340 2774 portibus,
2393 2695 2710 2760 refutanda
2748 2701 2844 2758 est
2879 2695 3274 2759 Gutschmidii
3313 2698 3657 2760 coniectura
3696 2697 4053 2760 Antiochum

915 2799 1181 2864 Sidetem
1197 2801 1379 2878 Iopen
1416 2800 1654 2863 Iudaeis
1692 2818 1807 2862 non
1844 2800 2197 2879 reddidisse,
2236 2800 2345 2862 aed
2383 2801 2551 2863 illam
2589 2798 2797 2863 urbem
2832 2816 3020 2877 usque
3061 2800 3139 2862 ad
3171 2801 3446 2863 Antiochi
3467 2800 3746 2878 Cyziceni
3783 2806 4051 2864 aetatem

912 2902 979 2966 in
1015 2920 1227 2984 regum
1264 2903 1470 2981 syriae
1505 2908 1804 2980 potestate
1841 2902 2042 2967 fuisse.
2140 2904 2328 2966 Immo
2380 2921 2456 2966 ex
2506 2904 3017 2966 seuamsconsulto
3054 2903 3196 2966 XIV
3225 2909 3318 2982 10,
3341 2908 3419 2966 22
3457 2905 3651 2967 relato
3691 2904 4047 2968 Antiochum

916 3005 1266 3084 Cyzicenum
1302 3010 1372 3068 ut
1407 3006 1594 3068 multa
1633 3006 1777 3080 alia,
1814 3006 1903 3069 ita
1942 3008 2120 3070 edam
2157 3007 2343 3084 Iopen
2385 3009 2603 3070 iterum
2642 3009 3070 3085 expugnaviese
3109 3014 3172 3070 et
3207 3008 3510 3085 praesidio
3546 3007 3877 3071 firmavisse
3919 3010 4043 3074 col·
4094 3039 4103 3047 ·

916 3109 1111 3190 ligere
1165 3107 1448 3171 debemus
1461 3106 1504 3172 ⁸.
1583 3109 1866 3203 Foedere
1884 3111 2070 3190 igitur
2122 3109 2202 3173 ab
2242 3110 2520 3188 Hyrcano
2577 3129 2632 3173 a.
2678 3108 2861 3184 ⁸⁸⁸lm
2911 3117 3197 3175 renovato
3249 3111 3380 3175 fieri
3438 3113 3635 3190 potuit
3650 3159 3669 3191 ,
3730 3121 3800 3176 ιιι
3835 3113 4049 3189 Iudaei

916 3230 1054 3276 cum
1091 3211 1170 3275 ab
1208 3213 1495 3275 Antiocho
1530 3211 1816 3291 cyziceno
1853 3214 2327 3292 opprImerentur
2362 3220 2428 3277 et
2459 3220 2835 3294 vexarentur,
2874 3215 3068 3278 denuo
3106 3232 3146 3278 a
3184 3222 3401 3280 senatu
3437 3217 3838 3280 Romanorum
3876 3218 4044 3281 auxi-
4060 3293 4083 3303 .,

807 3310 1918 3394 ‚numpetorentotimpetrmt

1157 3419 1288 3482 Iam
1324 3436 1434 3482 nos
1469 3425 1769 3483 vertamus
1807 3419 1887 3481 ad
1924 3420 2168 3484 dea-eta
2191 3421 2334 3483 XIV
2357 3426 2452 3496 10,
2477 3425 2704 3484 12—21
2746 3422 2959 3498 relata,
2999 3439 3248 3501 quorum
3284 3424 3570 3501 pleraque
3609 3442 3684 3487 eo
3721 3425 4042 3503 pertinent,

920 3524 1078 3603 qnod
1116 3523 1325 3586 Iudaei
1360 3524 1521 3586 cives
1557 3523 1806 3587 Romani
1846 3524 2067 3603 Ephesi
2105 3528 2170 3587 et
2209 3542 2322 3602 per
2360 3530 2551 3587 totam
2591 3525 2793 3588 Asiam
2827 3526 3170 3604 insulasque
3206 3526 3553 3591 habitantes
3591 3545 3631 3591 a
3669 3527 3740 3591 L.
3774 3527 4050 3591 Cornelio

916 3628 1172 3691 Lentulo
1211 3644 1332 3690 cos.
1373 3645 1429 3689 a.
1473 3625 1647 3706 mla,
1687 3628 1787 3704 qui
1824 3629 2091 3708 legiones
2128 3628 2279 3692 duas
2315 3629 2596 3707 Pompeio
2634 3630 2697 3691 in
2728 3631 2874 3693 Asia
2912 3630 3371 3695 conscribendas
3409 3637 3724 3696 emoverat
3732 3630 3779 3708 ⁸,
3817 3632 4044 3710 supen-

920 3732 1037 3795 diis
1076 3730 1314 3794 liberati
1355 3738 1420 3794 et
1455 3729 1644 3795 libera
1683 3736 1985 3809 potestate
2019 3749 2059 3795 a
2082 3732 2365 3795 Romanis
2384 3733 2592 3796 donati
2630 3740 2770 3796 sunt
2806 3734 3095 3813 sequendi
3131 3735 3479 3813 religionem
3517 3752 3706 3799 suam.
3784 3735 3879 3798 De
3901 3752 4060 3813 quo·

919 3853 1054 3900 rum
1091 3836 1467 3898 decretorum
1502 3842 1771 3914 tempore
1809 3842 1872 3899 et
1907 3836 2141 3900 ratione
2176 3853 2391 3900 vereor
2426 3854 2506 3901 ne
2543 3836 2702 3900 haud
2743 3855 2884 3900 raro
2917 3838 3337 3902 Mendelssohn
3350 3837 3378 3876 ⁸
3415 3857 3533 3902 non
3570 3844 3738 3902 recte
3775 3839 4048 3918 disputa-

921 3941 1096 4003 verit.
1175 3939 1435 4003 Primum
1492 3941 1646 4002 enim
1699 3941 1934 4003 etiamsi
1968 3946 2134 4003 recte
2173 3946 2383 4004 contra
2421 3940 2812 4005 Schuererum
2863 3948 2928 4006 et
2964 3942 3493 4023 Wsddingtonium
3531 3944 3761 4006 monuit
3794 3944 3936 4007 XIV
3959 3948 4060 4022 10,

926 4048 1030 4107 13.
1055 4048 1129 4105 19
1169 4043 1414 4105 decreta
1454 4058 1588 4106 esse
1626 4043 1703 4106 de
1743 4044 1973 4106 consilii
2010 4045 2309 4106 sententia
2348 4043 2532 4120 facta,
2572 4062 2689 4107 non
2728 4046 3247 4109 senatusconsulta
3259 4041 3283 4124 ,’
3334 4051 3536 4109 tamen
3580 4052 3652 4110 ιιι
3685 4045 3909 4111 uiuae·
3946 4048 4054 4112 do-

924 4147 1080 4224 cuit,
1132 4162 1247 4208 non
1286 4162 1417 4208 cum
1455 4126 1932 4209 Mendelssbhnio
1968 4147 2033 4208 in
2070 4147 2203 4225 §13
2242 4148 2364 4227 spo
2403 4148 2641 4210 δώδεκα
2676 4149 3001 4211 καλανδῶν
3031 4148 3431 4228 Ὀκτωβρίων
3470 4155 3535 4212 et
3574 4150 3640 4212 in
3677 4150 3714 4229 5
3756 4155 3832 4213 16
3873 4155 3939 4214 et
3980 4157 4059 4215 18

922 4251 1047 4327 πρὸ
1085 4249 1418 4328 δεκατριῶν
1454 4250 1775 4312 καλανδῶν
1804 4248 2201 4330 Ὀκτωβρίων
2238 4249 2614 4314 scribendum
2655 4260 2781 4327 est,
2839 4253 2950 4315 sed
3007 4251 3279 4315 omnibus
3338 4251 3533 4315 tribus
3570 4253 3720 4317 loeis
3756 4271 3877 4318 una
3913 4273 4060 4320 vera
4125 4296 4130 4301 ·

1164 4452 2540 4526 ιάΙοιΧΠῙ9Ἡ1ῙυιᾱιΧΧΧἯ110.
2688 4459 3754 4522 ΞΝιιιιιοιιὶιιενὶᾶοιιιιοιᾶοωιιιι

1252 4530 1453 4600 fuisse,
1510 4530 2999 4608 quodinnsflimonspriusBomammissusel-at
3256 4539 3820 4617 8verbaipeaaci

916 4530 1215 4682 {staina
1109 4605 1457 4684 δὸφρουρὰν
1494 4607 1766 4681 Maleto,
1820 4607 2018 4678 καθεὶς
2051 4609 2362 4683 &sienem
2398 4613 2499 4668 vix
2537 4612 2688 4688 apud
2725 4615 3021 4691 Iosephum
3059 4634 3221 4674 suum
3258 4617 3441 4675 locum
3479 4541 3953 4688 mamm*
3934 4679 3952 4689 ,

925 4683 2961 4820 :het2010ab.em4.oetoemfioomuinp.1590qa.
3244 4696 4058 4776 scamna-48⁸
