4459 6067
1378 1919 2200 2031 'Introductia
2373 1953 2380 1960 ’

666 2039 733 2047 -n-

1562 2212 1589 2222 ,-
1608 2206 1806 2220 ...φ--.-

488 2228 697 2290 Sermo
749 2246 1000 2306 graecus
1053 2245 1169 2312 quo
1235 2233 1482 2291 senatus
1548 2231 1917 2308 populusque
1974 2187 2279 2292 Romanus
2330 2233 2827 2312 magistratusque
2887 2237 3089 2314 populi
3129 2239 3450 2310 Romani

247 2340 436 2401 usque
476 2325 552 2387 ad
593 2324 820 2388 Tiberii
848 2326 1128 2388 Caesaris
1167 2331 1434 2387 aetatem
1471 2326 1535 2386 in
1574 2327 1816 2403 scriptis
1854 2326 2110 2404 publicis
2147 2327 2243 2389 usi
2280 2328 2429 2402 sint,
2470 2345 2601 2390 cum
2637 2331 2783 2391 mihi
2816 2332 3238 2398 examinandus
3276 2336 3377 2412 sit,

248 2421 512 2484 breviter
562 2422 870 2499 explicabo
883 2468 900 2495 ,
959 2421 1309 2498 quibuscum
1347 2423 1583 2498 populis
1621 2429 1873 2501 agentes
1910 2423 2163 2488 Romani
2201 2424 2307 2485 illo
2344 2440 2614 2485 sermone
2650 2424 2745 2486 usi
2783 2427 2920 2488 sint.
3000 2430 3085 2491 Ac
3121 2432 3380 2507 primum

253 2520 488 2597 quidem
526 2521 589 2581 id
629 2522 692 2581 in
734 2522 1084 2582 commercio
1123 2537 1258 2582 cum
1297 2520 1545 2581 Graecis
1585 2537 1719 2582 esse
1760 2520 1983 2583 factum
2038 2522 2219 2583 certis
2271 2521 2634 2599 argumentis
2686 2521 3117 2599 comprobatur.
3223 2527 3382 2591 Nam

255 2616 771 2677 senatusconsulta
808 2621 873 2677 et
896 2616 1143 2678 foedera
1169 2616 1230 2677 in
1256 2615 1557 2693 lapidibus
1585 2616 1842 2680 dialecto
1869 2619 2159 2704 communi
2187 2617 2549 2680 Graecorum
2586 2620 2920 2696 conscripta
2955 2628 3199 2699 reperta
3242 2629 3385 2685 sunt

253 2730 363 2788 per
400 2718 591 2774 totam
628 2713 947 2775 Graeciam
987 2719 1051 2775 et
1089 2731 1222 2776 eam
1264 2718 1495 2792 partem
1524 2715 1706 2777 Asiae
1745 2715 2038 2799 dispersa,
2078 2731 2255 2791 quam
2291 2713 2508 2776 Graeci
2545 2713 2895 2778 incolebant.
2957 2717 3144 2792 ‚Quae
3183 2721 3381 2783 omnia

255 2826 331 2869 ex
371 2826 491 2870 una
530 2809 857 2887 eademque
904 2808 1140 2871 officina
1177 2812 1448 2887 profecta
1494 2828 1629 2873 esse
1684 2797 2051 2887 intellegitur
2101 2828 2176 2872 ex
2230 2809 2652 2891 aequabilitate
2704 2810 3099 2879 formularum.
3207 2819 3384 2897 Illam

236 2912 456 2970 autem
514 2906 811 2969 officinam
863 2923 978 2968 non
1032 2907 1220 2970 fuisse
1278 2908 1641 2971 Graecorum
1694 2907 1836 2970 inde
1888 2913 2173 2984 apparet,
2229 2906 2389 2983 quod
2436 2924 2552 2969 non
2605 2924 2830 2983 paucae
2884 2927 2960 2970 ex
3000 2911 3122 2974 illis
3158 2913 3382 2978 formu·

256 3004 333 3067 lis
383 3011 446 3067 et
497 3005 687 3066 multa
740 3004 863 3065 alia
915 3003 1093 3080 plane
1152 3003 1477 3065 abhorrent
1538 3022 1576 3066 a
1623 3020 1896 3065 sermone
1942 3019 2181 3082 graeco.
2281 3001 2395 3064 Vel
2447 3021 2523 3064 ex
2570 3004 2648 3067 iis
2702 3007 2918 3086 igitur,
2973 3024 3126 3086 quae
3183 3013 3383 3092 attuli,

257 3102 662 3178 cognoscimus
719 3101 826 3162 illa
878 3101 1395 3163 senatusconsulta
1454 3106 1519 3162 et
1568 3099 1814 3163 foedera
1869 3117 2004 3162 esse
2055 3099 2280 3162 Romae
2333 3116 2373 3160 a
2425 3098 2706 3163 Romanis
2755 3101 2987 3178 publice
3040 3104 3100 3165 in
3159 3122 3385 3170 sermo·

254 3214 391 3259 nem
428 3214 705 3273 graecum
745 3196 1059 3258 translata.
1158 3195 1327 3268 Quod
1375 3198 1560 3258 etiam
1607 3198 1730 3258 alia
1775 3214 1843 3258 re
1896 3195 2296 3259 confirmatur.
2398 3196 2599 3259 Livius
2614 3195 2637 3232 ¹
2693 3199 2848 3259 enim
2896 3200 3084 3262 tradit
3135 3201 3200 3264 in
3249 3203 3385 3280 ipso

257 3301 487 3367 senatu,
542 3294 595 3357 si
634 3311 771 3356 cum
804 3294 1055 3356 Graecis
1094 3300 1393 3371 ageretur,
1435 3294 1828 3373 magistratus
1853 3294 2170 3370 Romanos,
2211 3310 2364 3369 quae
2403 3294 2638 3354 senatui
2674 3296 2804 3356 visa
2839 3302 3056 3371 essent,
3096 3303 3160 3359 et
3197 3298 3386 3362 latine

254 3397 319 3453 et
357 3409 574 3472 graece
612 3392 1105 3468 pronuntiavisse.
1209 3390 1507 3463 Quanmm
1546 3408 1688 3453 vero
1735 3408 1811 3451 ex
1864 3391 2061 3452 titulis
2116 3390 2373 3467 repertis
2424 3392 2705 3471 colligere
2758 3408 3068 3469 possumus
3081 3438 3100 3470 ,
3165 3394 3385 3459 Graeci

256 3506 444 3567 usque
484 3490 561 3551 ad
590 3489 911 3552 Caesarum
954 3494 1217 3550 aetatem
1257 3489 1387 3550 sola
1428 3486 1677 3550 decreta
1716 3505 1930 3564 graece
1969 3488 2195 3564 scripta
2233 3485 2529 3563 lapidibus
2569 3488 2852 3550 mandare
2882 3487 3157 3551 solebant
3167 3488 3211 3567 ¹,
3251 3509 3385 3554 cum

259 3588 416 3664 apud
456 3587 713 3649 ludaeos
727 3616 761 3664 ‚f
785 3594 855 3647 ut
894 3585 1050 3648 infra
1087 3584 1418 3648 videbimus
1432 3631 1451 3663 ,
1506 3587 1628 3648 iam
1671 3585 1738 3647 G.
1776 3586 1915 3646 Iulii
1956 3585 2237 3648 Caesaris
2271 3582 2637 3659 temporibus
2675 3583 3033 3660 exemplaria
3068 3589 3135 3646 et
3167 3603 3391 3662 graeca

257 3691 324 3747 et
363 3684 551 3745 latina
589 3682 827 3759 publice
866 3683 1065 3760 posita
1104 3673 1244 3759 sint,
1286 3683 1446 3760 quod
1485 3683 1819 3760 posteriore
1859 3689 2064 3745 aetate
2103 3683 2286 3743 etiam
2324 3681 2386 3742 in
2416 3681 2669 3743 Graecia
2703 3681 2922 3743 iactum
2958 3698 3092 3743 esse
3129 3688 3386 3745 constat.

260 3768 451 3843 Paulo
493 3780 673 3842 aliter
710 3796 812 3841 res
851 3796 917 3840 se
957 3777 1145 3841 habet
1197 3780 1261 3840 in
1315 3779 1593 3856 epistulis
1644 3780 2101 3857 magistratuum
2158 3778 2365 3855 populi
2400 3777 2666 3840 Mmani.
2768 3777 2895 3840 Eae
2948 3778 3104 3839 enim
3152 3779 3388 3844 omuino

260 3894 378 3939 non
425 3877 762 3939 translatae
801 3882 942 3939 sunt
979 3893 1053 3937 ex
1091 3893 1365 3939 sermone
1402 3877 1612 3938 latino.
1692 3876 1814 3938 Sed
1867 3893 1972 3938 eas
2025 3877 2189 3952 ipsas
2250 3892 2480 3952 quoque
2535 3891 2573 3935 a
2609 3875 2889 3937 Romanis
2941 3890 3074 3936 esse
3129 3874 3390 3952 su-iptu

266 3972 405 4034 inde
445 3973 670 4060 elucet,
737 3972 895 4049 quod
933 3973 1281 4049 plerumque
1320 3979 1384 4033 et
1422 3990 1634 4049 parum
1674 3989 1894 4052 graece
1934 3977 2001 4033 et
2036 3971 2212 4033 nimis
2261 3971 2448 4032 latine
2498 3959 2855 4047 compositae
2903 3975 3058 4032 sunt.
3136 3970 3392 4034 Praeter

496 4192 526 4244 1
589 4188 717 4245 Liv.
757 4188 921 4246 XLV
944 4191 1039 4260 29,
1068 4190 1137 4245 δι
1197 4189 1426 4247 ‘Paulus
1464 4192 1637 4249 latine
1676 4209 1822 4267 quae
1858 4194 2104 4264 senatui,
2146 4209 2291 4266 quae
2327 4190 2435 4247 sibi
2473 4209 2544 4248 ex
2582 4190 2795 4247 consilii
2834 4193 3103 4248 sententia
3139 4195 3264 4248 visa
3300 4210 3387 4249 cs-

258 4275 409 4336 sent,
464 4270 870 4341 pronuntiavit·
929 4286 996 4324 ea
1033 4267 1135 4325 On.
1173 4265 1440 4325 Octavius
1490 4279 1710 4343 praetor
1750 4311 1763 4325 .
1807 4312 1820 4325 .
1864 4312 1876 4324 .
1918 4311 1932 4324 .
1994 4273 2349 4343 interpretata
2403 4287 2645 4326 sermone
2698 4285 2892 4341 graeco
2941 4268 3253 4340 referebat’,
3314 4269 3384 4327 et

255 4348 422 4402 etiam
461 4344 531 4401 de
567 4345 756 4402 Acilio
805 4354 1054 4402 senatore
1103 4349 1399 4421 interprete
1451 4347 1751 4421 Polybium
1813 4346 1963 4422 apud
2002 4346 2145 4404 Gen.
2185 4347 2256 4402 N.
2297 4346 2368 4402 A.
2412 4347 2494 4403 v1
2531 4346 2689 4421 (vn)
2733 4349 2821 4415 14,
2861 4348 2912 4402 9.
3016 4344 3168 4415 Quin
3223 4351 3390 4404 etiam

257 4422 390 4480 inde
426 4440 463 4478 a
499 4422 733 4479 Sullana
772 4431 948 4479 aetate
988 4422 1229 4479 Graecos
1267 4426 1387 4481 sine
1425 4427 1755 4499 interprete
1761 4428 1824 4480 in
1861 4433 2083 4481 amatu
2094 4424 2340 4481 Romano
2376 4441 2568 4498 graece
2603 4424 2813 4480 locutos
2860 4441 2978 4481 esse
3013 4432 3256 4493 consta,
3315 4424 3385 4482 et

257 4500 557 4557 Mommsen
594 4501 749 4556 Rom.
791 4499 1019 4559 Staatsn
1060 4500 1153 4556 111
1191 4519 1246 4575 p.
1275 4503 1407 4558 960.

494 4581 529 4633 2
584 4580 674 4633 cui
731 4581 1032 4635 sententiae
1084 4596 1197 4634 non
1234 4577 1417 4635 obstat
1467 4579 1999 4637 senatusconsultum
2049 4578 2119 4635 de
2156 4579 2486 4654 Asclepiade
2522 4578 2832 4653 Polym-ato
2872 4578 3113 4634 Menisco
3165 4579 3389 4650 factum,

255 4659 414 4712 cuius
451 4656 732 4731 exernplar
768 4656 1002 4711 latinum
1040 4663 1099 4712 et
1135 4674 1393 4728 graecum
1431 4660 1495 4713 in
1533 4655 1809 4732 Capitolio
1849 4656 2005 4712 urbis
2042 4657 2247 4714 Romae
2285 4665 2559 4731 repertum
2596 4664 2695 4726 est,
2732 4674 2855 4711 cum
2893 4658 2937 4711 ii
2973 4658 3101 4761 ipsi,
3139 4656 3216 4712 ad
3254 4675 3389 4731 quc-

250 4749 375 4789 rnm
411 4734 670 4791 honorem
709 4734 915 4788 factum
954 4743 1055 4803 est,
1094 4732 1155 4789 id
1192 4732 1274 4789 ibi
1312 4733 1627 4809 ponendum
1666 4738 1995 4792 curaverint.

3193 0 3494 18 ----------

4365 1721 4377 1853 ——4-0ff-
4369 1639 4374 1694 v„

4385 1691 4398 1700 a

4401 1829 4414 1858 ,ιι
4405 1791 4412 1796 .

4277 2587 4285 2594 ,
4267 2064 4276 2071 ι

4378 2509 4388 2674 -ν-ο-υ-
4374 2321 4386 2460 ..ιιι-ι...»

4335 3784 4342 3792 .

4387 3473 4404 3820 -ιιο-α-ν·-Ψ·”““”“”“
4385 3303 4416 3440 ⁴⁴..ffl‘

4407 3747 4416 3768 ι.

4329 4098 4338 4105 v

4401 4137 4410 4226 -—-
