4459 6067
1913 803 1989 860 7⁶

414 948 682 1012 beamus.
759 948 1200 1011 Usitatissimae
1246 916 1464 1010 etim'
1483 952 1621 1009 sunt
1673 947 1963 1010 formulae
2019 946 2306 1027 ἐνέτυχόν
2357 971 2464 1028 μοι
2502 952 2574 1012 oc.
2604 950 2740 1032 zap·
2782 951 2964 1030 ὑμῶμ
2998 946 3372 1029 πρεσβευταί
3419 944 3523 1025 (cf.

410 1053 502 1114 111
524 1058 579 1127 3,
616 1053 705 1114 Π
726 1056 791 1127 ’ίς
832 1052 907 1116 cf.
946 1053 1097 1114 Ditt.
1125 1052 1269 1127 Syll.
1305 1055 1438 1128 158,
1465 1057 1521 1112 4.
1551 1054 1647 1112 26.
1676 1051 1799 1128 50),
1840 1054 2126 1131 ψήφισμα
2163 1050 2486 1113 ἀπέδωκαν
2524 1055 2710 1129 aliae,
2764 1071 2914 1132 quas
2953 1069 3159 1116 omnes
3197 1068 3333 1115 cum
3368 1051 3529 1128 apud

418 1156 684 1218 Graecos
720 1156 1067 1233 saepissime
1104 1160 1371 1232 exstent,
1422 1170 1594 1215 nemo
1632 1151 1881 1233 negabit
1919 1172 1993 1215 ex
2028 1154 2392 1216 Graecorum
2431 1155 2689 1232 decretis
2727 1163 2791 1220 st
2830 1157 3101 1235 epistulis
3136 1156 3201 1217 iu
3224 1155 3532 1236 Romano-

413 1276 547 1322 rum
584 1277 915 1322 sermonem
950 1258 1248 1335 publicum
1284 1273 1568 1336 graecum
1604 1255 1861 1319 fluxisse.
1925 1257 2085 1318 Item
2120 1257 2448 1334 γινώσκετε
2485 1255 2601 1320 οὖν
2636 1259 2677 1320 i.
2701 1277 2754 1323 e.
2794 1259 3155 1339 ‘cognoscite
3190 1257 3399 1338 igitur’
3433 1273 3533 1319 re-

416 1363 510 1425 dit
565 1365 627 1424 in
666 1362 856 1425 titulis
895 1362 1241 1441 Magnetum
1293 1376 1451 1422 saec.
1492 1359 1554 1421 11
1595 1376 1652 1421 a.
1692 1360 1830 1422 Chr.
1889 1360 2114 1439 (Mittb.
2155 1359 2214 1421 d.
2259 1359 2527 1422 deutsch.
2567 1361 2730 1424 arch.
2767 1363 2963 1425 Instit.
3001 1381 3055 1427 s.
3097 1362 3292 1425 Athen
3325 1361 3413 1426 vl
3469 1379 3530 1439 p.

425 1470 541 1528 304
580 1467 612 1527 Ι
631 1470 688 1540 2,
727 1467 788 1527 11
809 1465 873 1543 2)
925 1470 990 1526 et
1024 1465 1088 1525 in
1129 1463 1387 1540 epistula
1421 1463 1703 1524 Ariorum
1739 1461 1910 1525 brevi
1948 1468 2090 1525 ante
2129 1480 2188 1524 a.
2234 1467 2347 1525 189
2388 1481 2449 1525 a.
2491 1464 2630 1526 Chr.
2671 1467 2996 1542 composita
3043 1466 3220 1547 (Bull.
3261 1466 3340 1529 de
3377 1483 3532 1528 corr.

417 1570 559 1632 bell.
590 1570 675 1632 VI
710 1587 770 1647 p.
805 1575 923 1632 460
960 1586 1016 1630 v.
1057 1567 1156 1648 10)
1195 1566 1582 1644 similiterque
1618 1567 1819 1628 XVIII
1836 1572 1872 1629 8
1909 1567 2135 1647 legitur
2170 1566 2332 1645 ὑμᾶς
2367 1564 2598 1629 εἰδέναι
2634 1570 3018 1647 βουλόμεθας
3054 1570 3117 1630 in
3139 1569 3256 1633 fine
3281 1570 3534 1647 denique

424 1672 811 1751 epistularum
848 1672 1194 1750 plerumque
1230 1673 1508 1750 ἔρρωσθε
1547 1670 1815 1733 additum
1853 1675 1950 1732 est
2001 1669 2057 1745 (1
2091 1670 2156 1732 11
2191 1670 2285 1732 111
2322 1669 2435 1749 IX)
2454 1716 2471 1745 ,
2533 1671 2692 1747 qnod
2727 1671 2886 1733 idem
2925 1672 3080 1749 apud
3116 1673 3378 1736 Graecos
3414 1674 3538 1737 usi·

422 1778 784 1839 tatissimum
831 1781 957 1853 est,
1015 1774 1175 1852 apud
1212 1790 1361 1852 quos
1397 1780 1598 1836 tamen
1636 1775 1819 1835 etiam
1856 1774 2161 1853 εὐτυχεῖτε
2200 1773 2502 1836 invenitur
2555 1773 2652 1852 (G.
2674 1775 2722 1836 L
2745 1774 2818 1838 G.
2859 1774 2920 1836 11
2958 1780 3132 1851 8049,
3155 1776 3273 1857 17).
3368 1776 3539 1850 Quod
3623 1779 3627 1783 '

423 1898 567 1943 vero
606 1878 844 1942 dicendi
882 1896 1073 1958 genus
1111 1879 1496 1956 epistularum
1534 1877 1754 1939 attinet
1768 1922 1787 1955 ‚
1840 1876 1963 1939 iam
1999 1882 2168 1939 recte
2205 1876 2494 1939 iudicavit
2532 1878 2794 1940 Foucart
2807 1924 2827 1958 ‚
2890 1895 3027 1940 cum
3077 1878 3304 1942 diceret
3353 1898 3426 1942 ex
3460 1860 3540 1944 'eo

426 1985 705 2063 cognosci
741 1999 918 2060 posse
957 2000 997 2044 a
1033 1981 1338 2057 Romanis,
1379 1997 1493 2044 non
1534 1998 1574 2043 a
1599 1979 1849 2043 Graecis
1889 1997 1996 2042 eas
2035 1995 2172 2042 esse
2213 1981 2581 2058 conscriptas
2600 1981 2641 2044 ².
2722 1984 2804 2044 At
2841 1981 3036 2044 altera
3063 1981 3140 2046 ab
3178 1983 3373 2046 altera
3408 2001 3542 2045 cum

424 2086 681 2164 differat,
720 2086 797 2149 de
838 2086 1088 2166 singulis
1128 2102 1307 2163 agere
1345 2102 1494 2163 opus
1533 2090 1647 2147 est.
1920 2140 1937 2156 .
2846 2148 2849 2153 ⁴

479 2272 510 2276 -
549 2198 566 2237 1
663 2191 713 2252 1.
791 2190 1155 2252 Flamininus
1192 2188 1355 2252 baud
1408 2188 1499 2251 ita
1556 2187 1888 2267 eleganter·
1916 2185 2238 2264 epistulam
2294 2187 2640 2264 composuit.
2742 2187 2895 2250 Nam
2941 2189 3004 2251 in
3060 2188 3312 2271 singulis
3367 2189 3548 2255 rebus

353 2287 365 2297 “
430 2295 593 2357 baud
631 2311 772 2356 raro
808 2293 1009 2356 haesit
1046 2297 1111 2355 et
1146 2292 1431 2370 peccavit,
1471 2296 1540 2354 ut
1577 2308 1653 2354 ea
1691 2293 1843 2369 ipsa,
1883 2308 2037 2369 quae
2078 2289 2411 2367 exprimere
2443 2289 2702 2369 volebat,
2741 2292 2979 2369 saepius
3004 2291 3271 2369 obscure,
3310 2294 3549 2371 saepius

429 2399 731 2462 incondite
784 2403 847 2461 et
897 2398 1136 2460 minime
1191 2397 1465 2474 expedite
1502 2395 1802 2458 redderet.
1899 2395 1970 2457 In
2021 2393 2327 2457 vocabulis
2363 2400 2428 2457 et
2450 2393 2825 2458 ¹dictionibus
2861 2396 3160 2473 vulgarem
3197 2414 3546 2492 sermonem,

441 2520 616 2581 quem
656 2504 838 2564 etiam
863 2499 1142 2579 Polybius
1181 2498 1438 2575 exbibet,
1474 2494 1803 2563 redd‘ebat:
1844 2500 2186 2580 ὁλοσχερῶς
2225 2503 2321 2561 ost
2356 2516 2621 2576 prorsus,
2661 2500 2919 2577 penitus,
2959 2507 3027 2562 nt
3052 2518 3148 2578 ap.
3171 2501 3296 2564 Pol.
3321 2502 3355 2564 Ι
3383 2507 3477 2580 10,
3494 2508 3551 2577 ¹3

432 2608 466 2670 1
496 2612 590 2685 11,
619 2610 656 2666 *1
697 2611 842 2681 etc,
893 2605 1045 2667 Ditt.
1074 2604 1217 2683 syn.
1245 2609 1382 2676 255,
1405 2608 1497 2683 19,
1559 2601 2054 2684 ἀναστρέφεσθαι
2093 2620 2161 2665 ιε
2199 2619 2412 2680 gerere
2431 2600 2474 2681 ³,
2529 2602 2926 2683 στοχάζεσθαι
2963 2605 3033 2665 εκ
3068 2625 3237 2676 τινος
3274 2605 3553 2684 configere
3598 2588 3607 2595 “

435 2713 538 2794 (cf.
580 2714 706 2777 Pol.
734 2714 763 2775 1
796 2719 890 2791 14,
917 2717 991 2788 23
1031 2716 1127 2786 26,
1157 2712 1254 2793 9),
1313 2711 1756 2772 ἀπολείπεσθαι
1810 2726 2127 2787 superesse
2163 2727 2273 2787 pro
2311 2709 2644 2772 Atticorum
2683 2720 3014 2790 περιεῖναι,
3066 2711 3249 2774 etiam
3286 2711 3408 2774 ἀπὸ
3443 2718 3629 2775 cors*

439 2822 763 2899 βελτίστου
799 2815 1196 2893 posteriorum
1234 2814 1641 2877 consuetudini
1680 2814 1954 2877 convenit
1968 2859 1988 2891 ,
2044 2800 2395 2891 quamhuam
2453 2813 2739 2894 languide
2777 2814 3002 2877 dictum
3039 2820 3135 2878 est
3184 2815 3252 2878 ot
3284 2816 3400 2879 οὐκ
3436 2815 3558 2879 ἀπὸ
3608 2898 3617 2903 ,

437 2931 552 2985 τοῦ
587 2924 910 3001 βελτίστου
961 2920 1250 2990 εἰωθότες
1302 2916 1810 2996 ἀναστρέφεσθαι.
1907 2917 2108 2980 Dictio
2159 2918 2601 2997 προεστηκότες
2648 2925 2762 2980 τοῦ
2811 2917 3100 2998 ἐνδόξου,
3155 2936 3274 2996 qua
3324 2919 3561 2983 videtur

440 3026 699 3090 reddere
737 3024 991 3086 voluisse
1030 3023 1383 3085 locutionem
1420 3022 1668 3086 latinam
1704 3021 2056 3100 praestandi
2093 3021 2349 3084 honesta
2362 3067 2381 3100 ‚
2420 3020 2756 3099 comparari
2792 3026 2998 3099 potest
3034 3039 3169 3084 cum
3207 3022 3561 3087 dictionibus

444 3132 607 3193 velut
645 3131 913 3209 προστὰς
949 3127 1204 3203 ἐνδόξου
1239 3127 1343 3189 καὶ
1377 3133 1568 3205 καλῆς
1603 3125 1898 3218 αἱρέσεως
1931 3127 2108 3204 (Ditt.
2132 3126 2275 3205 Syn.
2302 3130 2436 3204 156,
2464 3128 2502 3187 3
2530 3143 2604 3186 ex
2629 3140 2786 3187 saec.
2811 3124 2928 3203 ΠΙ)
2966 3124 3063 3187 vel
3100 3121 3562 3205 [προίσῙτασθαι

446 3244 570 3297 τῶν
606 3243 705 3313 τῆι
743 3236 918 3296 πόλει
957 3233 1396 3313 συμφερόντων
1434 3230 1611 3310 (Ditt.
1643 3230 1784 3308 Syll.
1813 3234 1951 3308 200,
1970 3233 2066 3308 24,
2106 3228 2183 3292 cf.
2206 3233 2346 3307 24⁷,
2371 3230 2472 3309 7);
2509 3232 2872 3292 καταλαλεῒν
2908 3247 2961 3292 e.
2979 3247 3103 3293 aec.
3142 3230 3356 3312 iungat,
3392 3249 3565 3294 usur-

449 3344 557 3417 pat
594 3341 999 3418 φιλαργυρετν
1035 3334 1277 3398 verbum
1315 3335 1679 3397 rarissimum
1693 3379 1712 3412 ‚
1759 3323 1963 3395 'rarior
2002 3337 2099 3395 est
2139 3334 2325 3395 etiam
2362 3332 2760 3412 consuetudo,
2814 3349 2889 3395 ex
2926 3350 3044 3411 qua
3080 3333 3414 3414 εὐγνώμων
3448 3352 3567 3398 non

449 3443 527 3506 de
566 3440 900 3504 bominibus
954 3438 1229 3520 benignis
1242 3486 1260 3517 ,
1319 3445 1389 3502 ut
1426 3456 1521 3516 ap.
1561 3438 1688 3500 Pol.
1711 3436 1775 3499 11
1800 3441 1896 3515 57,
1924 3442 1962 3496 8
2018 3436 2269 3514 dicitur,
2330 3437 2438 3498 secl
2484 3436 2550 3498 id
2600 3436 2757 3514 quod
2797 3454 3050 3515 aequum
3094 3442 3218 3517 est,
3276 3436 3571 3515 significat

449 3549 531 3628 (v.
557 3553 628 3631 15
670 3547 1027 3633 εὐγνῷμονα
1064 3542 1361 3623 λέγοντες,
1402 3543 1479 3605 ci.
1518 3542 1761 3620 Dionys.
1791 3541 1930 3604 Hal.
1956 3541 2073 3603 Vn
2094 3545 2192 3618 36,
2251 3540 2409 3603 Plut.
2430 3558 2488 3603 v.
2505 3542 2721 3603 Anton.
2760 3557 2814 3603 c.
2844 3546 2939 3620 79,
2977 3541 3315 3604 Athenaeus
3352 3542 3471 3605 ΧΠ
3505 3561 3564 3621 p.

451 3658 567 3715 535
589 3652 687 3729 Ε),
724 3649 1073 3712 insolentius
1112 3647 1258 3710 dicit
1295 3646 1659 3708 Flamininus
1697 3647 1850 3707 κατὰ
1888 3636 2013 3706 πᾶν
2051 3642 2240 3725 μέρος
2278 3649 2342 3707 et
2378 3647 2680 3724 καθήκειν
2716 3649 2808 3718 είς
2842 3666 2921 3708 τι.
2999 3646 3119 3709 Sed
3155 3646 3315 3709 idem
3354 3647 3456 3725 qni
3494 3664 3570 3710 ea

456 3755 729 3833 scripsit,
786 3753 942 3817 falso
979 3755 1249 3831 ἔγκρισις
1283 3749 1592 3828 usurpavit
1626 3766 1737 3827 pro
1787 3751 1990 3828 κρίσις
2049 3750 2131 3828 (v.
2163 3749 2300 3827 17),
2358 3749 2400 3810 i.
2429 3766 2485 3811 e.
2523 3747 2803 3827 probatio
2851 3765 2963 3826 pro
2998 3749 3277 3812 iudicium
3310 3781 3392 3797 -
3428 3768 3570 3814 nam

451 3861 756 3940 ἐγκρίνειν
797 3862 862 3920 et
899 3860 1165 3935 ἔνκρισις
1201 3854 1497 3917 notionem
1535 3851 1827 3931 probandi
1863 3851 2067 3916 babet.
2166 3852 2481 3916 Similiter-
2512 3852 2838 3933 φιλοδοξία
2884 3852 2965 3931 (v.
2997 3853 3097 3932 13)
3148 3870 3320 3916 sunm
3374 3854 3572 3919 locum

451 3981 570 4027 non
608 3960 811 4026 babet.
891 3959 1045 4022 Nam
1084 3959 1210 4021 sine
1250 3956 1428 4021 dubio
1466 3957 1792 4021 Flaminius
1851 3957 2053 4020 dicere
2102 3956 2345 4020 volebat
2392 3974 2461 4020 se
2510 3955 2670 4019 bona
2708 3956 3082 4034 Cyretiarum
3128 3956 3264 4020 urbi
3299 3959 3572 4036 reddere,

456 4063 596 4145 quia
635 4067 849 4147 χάριτα
888 4064 1002 4142 (ita
1041 4060 1248 4125 scribit
1284 4078 1392 4139 pro
1430 4059 1635 4141 χάριν)
1672 4059 1776 4123 καὶ
1816 4060 2004 4135 δόξαν
2040 4060 2286 4138 plurimi
2323 4059 2582 4123 faceret.
2667 4060 2890 4122 Errore
2927 4059 3152 4124 factum
3186 4061 3447 4139 videtur,
3503 4070 3575 4127 ut

457 4173 523 4235 in
563 4177 715 4234 extr.
739 4170 914 4246 epist.
938 4165 1230 4230 scriberet
1283 4165 1418 4229 ὅσοι
1455 4163 1664 4243 μέντοι
1699 4165 1786 4244 μὴ
1832 4162 2262 4244 κεκομισμένοι
2311 4161 2473 4225 εἰσὶν
2520 4172 2645 4225 τῶν
2696 4162 3147 4243 ἐπιβαλλόντων
3183 4165 3418 4243 αὐτοῖς,
3472 4167 3576 4231 ubi

703 4425 732 4477 1
797 4419 1137 4476 cf.arcbives
1162 4417 1215 4475 d.
1241 4420 1492 4475 missione
1529 4416 1760 4474 scientif-
1800 4424 1858 4474 et
1894 4417 2062 4474 litter.
2104 4416 2292 4484 2.,ι6τ.
2328 4416 2447 4473 v11
2482 4435 2539 4492 p.
2566 4418 2714 4478 324:
2752 4415 2827 4474 ‘11
2865 4425 2952 4474 est
2986 4419 3213 4474 eurieux
3250 4416 3322 4476 de
3358 4438 3578 4496 eompa-

464 4519 554 4558 rer
589 4500 647 4558 le
681 4516 812 4572 gree
848 4498 1101 4572 employe
1138 4495 1277 4553 dans
1313 4496 1394 4554 les
1446 4495 1942 4552 senatusconsulta
1994 4495 2032 4550 2
2068 4495 2212 4551 celui
2248 4494 2322 4552 de
2357 4504 2554 4569 quau-e
2588 4496 2778 4553 lettres
2816 4496 3011 4552 ecrites
3045 4514 3150 4573 par

463 4581 702 4636 romains
742 4573 913 4632 {des
952 4576 1088 4631 cites
1124 4593 1401 4651 greeques.
1482 4570 1744 4648 Onpeut
1778 4572 2396 4630 reeonnaitredansle
2432 4580 2546 4643 ton,
3071 4590 3171 4631 ure

469 4676 542 4714 ou
580 4655 821 4729 l'emploi
860 4653 930 4709 de
968 4653 1232 4729 quelques
1269 4654 1610 4727 expressions
1648 4668 1757 4727 que
1795 4668 1885 4707 ees
1920 4650 2112 4708 lettres
2149 4650 2306 4707 n'ont
2339 4668 2444 4726 pas
2497 4650 2586 4707 ete
2637 4652 2833 4708 ecrites
2881 4669 2986 4726 par
3042 4650 3141 4708 des

468 4733 775 4810 cependant
809 4730 885 4865 13ο
905 4731 1110 4865 Ῑῗιιςιιο
1146 4730 1238 4788 n’a
1273 4734 1394 4788 rien
1431 4729 1689 4787 barbare'
1732 4746 1846 4804 eqs.
1925 4729 2211 4802 Intellegit
2244 4732 2333 4787 tit.
2373 4728 2420 4800 1,
2458 4727 2537 4800 11,
2574 4728 2683 4800 ΠΙ,
2718 4728 2818 4787 1v.
3057 4732 3095 4785 2
3148 4728 3217 4786 cf.
3257 4730 3581 4806 Jerusalem,

461 4813 689 4871 Wiener
727 4810 830 4867 stu
994 4828 1048 4885 p.
1080 4809 1170 4867 58.
1899 4838 1906 4843 ¹
2251 4832 2255 4839 ·
2730 4828 2737 4835 ·
2794 4842 2805 4853 -
