4459 6067
2470 835 2584 893 102

1188 981 1306 1054 Qui
1342 982 1405 1043 in
1443 982 1541 1044 111·
1592 981 1857 1045 acerem
1904 982 2052 1045 ordo
2089 988 2297 1060 potest
2335 985 2613 1061 cognosci
2627 985 2659 1047 v
2737 942 2995 1046 ιιιᾱὲὲειῖ
3017 1001 3078 1061 p.
3117 987 3230 1044 126
3285 984 3350 1044 in
3407 983 3733 1046 ordinando
3768 950 4086 1059 meapham

947 1084 1235 1161 temporis
1293 1085 1591 1146 rationem
1641 1083 1927 1147 babuisse
1980 1086 2268 1148 coniecit:
2330 1088 2365 1165 5
2395 1092 2551 1149 2--8
2589 1086 2894 1149 continent
2930 1086 3175 1148 decreta
3213 1090 3387 1163 ante,
3427 1085 3462 1162 5
3493 1091 3568 1148 lo
3605 1086 3909 1148 decretum
3946 1088 4087 1162 post

950 1185 1229 1249 Caesaris
1267 1192 1522 1249 mortem
1559 1186 1817 1263 factum3
1855 1188 1955 1267 52
1997 1188 2223 1251 Caesar
2260 1190 2404 1252 dict.
2443 1190 2522 1267 11,
2560 1190 2658 1268 55
2698 1206 2817 1251 cos.
2857 1187 2930 1266 V,
2969 1189 3067 1268 57
3110 1189 3377 1266 dictur,
3416 1188 3630 1267 coaV,
3670 1189 3811 1252 dict.
3854 1190 3981 1253 des.
4020 1189 4083 1251 in

821 1325 828 1333 ·
947 1295 1321 1368 perpetuum.
1403 1290 1631 1353 Caesar
1666 1291 1809 1369 imp.
1849 1292 1929 1367 11,
1971 1293 2128 1370 quod
2166 1293 2230 1354 in
2269 1293 2305 1371 5
2332 1296 2370 1354 6
2411 1293 2654 1371 legitur,
2691 1293 2807 1355 buc
2846 1310 2960 1354 non
3001 1293 3275 1369 quadrat.
3358 1293 3561 1370 Neque
3597 1310 3740 1355 vero
3777 1292 3865 1381 ibi
3902 1293 4085 1355 licere

946 1400 1183 1456 mutare
1220 1410 1404 1470 supra
1444 1393 1947 1458 demonstravisse
1984 1395 2131 1457 mibi
2169 1395 2394 1457 videor.
2473 1393 2601 1457 Nec
2639 1395 2905 1458 videmus
2919 1441 2938 1473 ,
2994 1398 3095 1473 qui
3142 1395 3272 1459 fieri
3313 1397 3573 1473 potuerit
3590 1442 3609 1471 ,
3664 1403 3733 1459 ut
3771 1414 3845 1457 ex
3882 1394 4085 1458 multis

951 1495 1077 1557 illis
1116 1496 1392 1572 epistulis
1452 1512 1490 1556 a
1529 1495 1785 1572 Iosepbo
1835 1497 2077 1573 relatis,
2135 1514 2289 1574 quae
2343 1503 2486 1559 aute
2525 1497 2802 1559 Caesaris
2838 1504 3090 1560 mortem
3130 1502 3391 1577 scriptae
3448 1504 3588 1561 sunt
3603 1543 3623 1576 ,
3681 1498 3811 1560 sola
3849 1496 4087 1560 Servilii
4150 1542 4159 1547 -
4196 1578 4206 1585 ε

950 1598 1211 1676 epistula
1268 1599 1405 1660 buic
1465 1604 1799 1675 temporum
1852 1599 2072 1660 rationi
2124 1599 2600 1680 subiungeretur.
2677 1601 2890 1677 Itaque
2929 1601 3174 1663 Iudeicb
3227 1619 3433 1664 verum
3485 1601 3628 1663 mihi
3670 1592 3803 1663 'non
3849 1600 4088 1663 videtur

949 1701 1322 1782 cognovisse.
1422 1702 1632 1780 Neque
1689 1702 1886 1782 magis
1942 1702 2181 1778 placere
2238 1708 2442 1780 potest
2496 1701 2687 1765 Niesii
2759 1704 3078 1766 sensentia.
3176 1707 3240 1768 Is
3297 1706 3455 1768 enim
3511 1705 3745 1783 putavit
3802 1704 3839 1783 5
3887 1696 4085 1766 3—'10

950 1804 1227 1867 effecisse
1278 1822 1456 1867 unam
1494 1823 1769 1886 magnam
1807 1805 2160 1868 Iudoeorum
2200 1807 2474 1869 chartam
2512 1812 2577 1868 et
2628 1806 2826 1868 omnia
2871 1824 2947 1869 ea
3006 1806 3261 1869 frustula
3312 1808 3613 1885 pertinere
3666 1807 3747 1869 ad
3803 1824 3860 1868 a.
3904 1791 4079 1878 ’¹744ss

948 1913 1030 1970 At
1067 1909 1361 1986 quomodo
1397 1909 1459 1969 in
1487 1909 1662 1972 buius
1693 1924 1946 1985 magnae
1985 1909 2236 1971 chartae
2274 1910 2608 1986 fragmenta
2648 1907 2844 1989 potuit
2881 1910 3147 1986 irrepere
3189 1911 3445 1988 epistula
3460 1910 3733 1973 Servilii?
3810 1909 3905 1987 53
3938 1916 4005 1971 et
4042 1913 4084 1971 4

951 2011 1125 2073 docui
1161 2011 1465 2087 pertinere
1503 2012 1582 2072 ad
1620 2029 1676 2073 a.
1721 2009 1954 2085 mla,
1900 2010 1922 2047 ⁸
1991 2011 2138 2074 item
2176 2013 2213 2092 5
2254 2009 2326 2088 6,
2370 2018 2424 2075 1.
2505 2015 2591 2074 Ac
2630 2029 2707 2074 ne
2762 2029 2836 2074 ex
2886 2030 3100 2089 magna
3150 2014 3390 2090 quidem
3429 2011 3640 2074 charta
3676 2012 3783 2074 illa
3820 2009 4083 2074 turbatio

951 2114 1358 2192 decretorum,
1414 2131 1567 2191 quae
1606 2114 1766 2191 apud
1804 2114 2120 2191 Iosepbum
2161 2123 2392 2195 exstat,
2431 2115 2712 2194 explicari
2760 2120 2981 2193 potest.
3059 2114 3285 2188 Quibus
3323 2116 3399 2177 de
3439 2117 3635 2178 causis
3676 2116 3857 2177 etiam
3896 2113 4087 2177 Niesii

952 2222 1312 2282 sententiam
1355 2217 1809 2297 improbandam
1847 2236 1982 2282 esse
2020 2225 2186 2296 puto.

1187 2323 1415 2385 lterum
1454 2339 1527 2384 ac
1562 2323 1803 2399 saepius
1842 2322 2248 2385 consideranti
2284 2323 2432 2385 mihi
2468 2292 2957 2385 verisimillimum
2992 2264 3310 2384 videbatur
3346 2321 3488 2383 boc.
3526 2320 3805 2384 Nicolaus
3834 2321 4086 2383 Damas·

953 2448 1135 2494 oenus
1172 2431 1236 2493 in
1272 2430 1455 2493 rebus
1504 2430 1854 2493 enarrandis
1893 2430 2136 2493 decreta
2176 2428 2300 2490 alia
2336 2427 2577 2507 integra
2618 2426 2715 2489 vel
2772 2428 2922 2488 satis
2973 2426 3210 2503 integra
3267 2425 3616 2502 descripsit,
3672 2425 3920 2488 aliorum
3969 2442 4087 2487 non

954 2525 1161 2596 attulit
1209 2535 1326 2597 nisi
1364 2534 1733 2615 fragmenta,
1775 2534 1913 2611 quin
1954 2533 2135 2595 etiam
2175 2532 2418 2608 saepius
2457 2530 2725 2610 singulas
2765 2529 3203 2592 enuntiationes
3241 2547 3316 2590 ex
3355 2528 3509 2591 actis
3543 2527 3796 2606 publicis
3835 2527 4088 2605 sumpsit

953 2637 1032 2699 ad
1071 2636 1474 2701 confirmanda
1512 2643 1578 2700 et
1615 2637 2079 2700 demonstranda
2118 2652 2211 2713 ea,
2251 2641 2421 2712 quae·
2445 2633 2697 2697 dixerat.
2776 2633 2923 2695 Inde
2959 2637 3212 2709 possunt
3251 2632 3532 2710 explicari
3569 2631 3812 2694 decreta
3852 2631 4085 2709 singula

951 2734 1166 2806 mirum
1202 2744 1266 2805 in
1306 2743 1544 2805 modum
1569 2743 1801 2806 divulsa
1828 2750 1893 2806 et
1929 2742 2255 2818 discerpta,
2294 2756 2449 2816 quae
2487 2738 2645 2816 apud
2666 2739 2980 2815 Iosepbum
3003 2736 3358 2811 invenimus3
3397 2734 3535 2798 inde
3558 2739 3761 2812 potest
3787 2734 4087 2812 explicari,

954 2846 1113 2923 quod
1149 2846 1325 2909 buius
1364 2846 1591 2908 decreti
1629 2846 1841 2923 maior,
1879 2845 2041 2907 illius
2079 2847 2274 2907 minor
2310 2861 2458 2922 pars
2495 2843 2667 2906 nobis
2706 2849 2948 2906 servata
2988 2848 3101 2919 est,
3140 2840 3297 2919 quod
3336 2840 3434 2901 bic
3470 2842 3842 2917 praescripta
3879 2838 4090 2902 addita

953 2955 1112 3026 sunt,
1150 2949 1274 3012 illic
1313 2948 1530 3012 desunt
1566 2949 1663 3011 vel
1699 2948 1975 3026 imperite
2015 2954 2080 3011 et
2117 2949 2273 3011 male
2312 2965 2352 3011 a
2388 2947 2641 3024 Iosepbo
2679 2952 2819 3009 sunt
2854 2945 3014 3008 ficta.
3111 2944 3402 3021 Iosephus
3455 2942 3652 3005 omnia
3669 2987 3687 3018 ,
3747 2959 3900 3020 quae
3952 2948 4090 3004 acta
4218 2988 4245 2994 -

953 3050 1196 3129 publica
1245 3051 1630 3130 redolebant,
1687 3069 1763 3114 ex
1820 3053 2198 3115 enarratione
2236 3050 2472 3144 liicolai
2524 3051 2819 3128 excerpsit
2872 3055 2936 3112 et
2992 3049 3202 3111 eodem
3238 3046 3476 3121 ordine,
3535 3063 3654 3124 quo
3692 3047 3990 3123 excerpsit
4025 3047 4090 3109 in

901 3226 915 3241 ,
953 3156 1429 3232 arebaeologiam
1469 3172 1639 3218 suam
1676 3156 2005 3218 transtulit.
2083 3156 2182 3217 Ita
2221 3156 2276 3218 si
2312 3172 2415 3218 res
2453 3173 2521 3218 se
2559 3153 2745 3217 babet
2759 3199 2787 3247 ².
2814 3154 3069 3231 primum
3119 3152 3389 3228 sequitur
3425 3150 3687 3227 decreta,
3727 3166 3844 3227 quo
3881 3149 4095 3215 ordina

962 3258 1121 3335 apud
1159 3259 1478 3336 Iosepbum
1529 3265 1771 3321 servata
1822 3265 1963 3322 sunt
1978 3304 1996 3337 ,
2055 3266 2127 3321 ut
2161 3259 2224 3321 in
2262 3259 2601 3322 universum
2648 3259 2905 3334 aliquem
2942 3272 3141 3317 rerum
3179 3253 3446 3316 ordinem
3463 3298 3482 3332 ,
3527 3258 3755 3316 certam
3794 3253 4090 3331 quandam

954 3378 1156 3424 rerum
1195 3362 1644 3439 dispositionem
1680 3362 1854 3425 nobis
1891 3361 2226 3440 praebeant
2261 3368 2325 3425 et
2362 3364 2546 3424 inseri
2602 3362 2835 3439 possint
2893 3358 3220 3439 narrationi
3255 3358 3353 3419 vel
3393 3357 3650 3420 orationi
3683 3355 3919 3419 Nicolai
3957 3366 4090 3420 arte
4178 3400 4183 3405 ι

956 3465 1120 3527 inter
1159 3482 1226 3528 se
1265 3466 1628 3528 cohaerenti.
1709 3464 1897 3538 Quam
1940 3465 2177 3543 quidem
2218 3466 2623 3528 narrationem
2676 3465 2995 3527 restituere
3033 3481 3149 3526 non
3188 3478 3530 3540 possumus,
3590 3461 3699 3523 sed
3738 3477 3808 3523 re
3844 3479 3990 3523 vera
4024 3461 4090 3523 in

958 3568 1222 3632 decretis
1261 3569 1419 3646 apud
1458 3569 1776 3645 Iosepbum
1816 3572 2070 3632 servatis
2112 3570 2426 3647 dispositio
2465 3570 2759 3649 quaedam
2804 3569 3079 3646 cognosci
3116 3571 3337 3644 potest.
3418 3567 3453 3645 5
3492 3569 3529 3626 2
3543 3610 3563 3644 ,
3605 3570 3641 3627 3
3655 3611 3673 3642 ,
3713 3570 3755 3628 4
3791 3565 4091 3643 pertinent

955 3672 1035 3734 ad
1087 3672 1398 3750 privilegia
1436 3671 1715 3750 Hyrcano
1754 3672 1931 3750 data,
1992 3674 2135 3749 quin
2195 3675 2379 3736 etiam
2438 3673 2621 3735 edicti
2660 3672 2936 3735 Caesaris
2986 3672 3048 3733 in
3104 3671 3139 3749 5
3182 3674 3219 3731 2
3279 3670 3471 3732 adlati
3529 3686 3603 3732 ea
3662 3686 3803 3747 pars
3861 3676 4090 3733 tantum

955 3774 1259 3847 adfertur,
1314 3791 1432 3851 qua
1470 3774 1735 3852 Hyrcani
1788 3776 2101 3853 privilegia
2123 3768 2534 3841 continentur.
2613 3777 2648 3855 5
2689 3780 2725 3837 ὅ
2764 3776 2985 3838 transit
3023 3776 3102 3838 ad
3140 3793 3355 3839 novam
3394 3775 3791 3839 condicionem
3831 3776 4092 3853 Hyrcani

956 3881 1021 3939 et
1036 3876 1394 3939 Iudaeorum
1433 3895 1487 3939 a.
1529 3875 1684 3953 '²⁰lu
1722 3879 2109 3943 constitutam
2149 3887 2329 3959 atque
2370 3897 2470 3942 res
2509 3878 2883 3954 tributariae,
2922 3896 3076 3957 quae
3113 3880 3214 3943 hic
3253 3882 3374 3941 iam
3411 3885 3757 3959 tanguntur,
3796 3879 4091 3957 copiosius

957 3982 1327 4058 explicantur
1360 3982 1423 4042 in
1463 3982 1582 4060 56,
1613 3987 1643 4043 1
1675 3989 1739 4044 et
1764 3988 1821 4058 2,
1859 3985 1950 4046 ita
1987 3990 2208 4062 tamen,
2246 3990 2317 4047 ut
2354 4001 2456 4046 rea
2495 3984 2633 4046 anni
2668 3981 2821 4058 mla
2862 3989 3239 4060 opponantur
3274 3982 3457 4045 rebus
3496 3983 3632 4045 anni
3656 3981 3816 4052 ῃἸιι
3855 3990 3919 4047 et
3958 4001 4091 4046 cum

956 4085 1046 4147 eis
1085 4090 1518 4161 comparentur.
1599 4086 1967 4174 Documento
2017 4105 2158 4149 vero
2213 4088 2364 4151 baec
2415 4091 2611 4150 omnia
2650 4088 2895 4151 Caesari
2954 4086 3236 4149 dictatori
3294 4103 3332 4147 a
3367 4084 3606 4147 Iudaeis
3661 4085 3870 4148 deberi
3885 4132 3903 4165 ,
3959 4088 4096 4164 ipsa

959 4189 1275 4251 dictatoris
1326 4186 1540 4262 verba,
1601 4205 1754 4266 quae
1807 4190 1867 4251 in
1923 4195 2137 4253 senatu
2174 4208 2286 4268 pro
2322 4189 2562 4253 Iudaeis
2600 4190 2776 4268 iecit,
2815 4189 3179 4252 adferuntur.
3259 4187 3535 4265 Epistula
3569 4187 3804 4250 Servilii
3842 4189 4094 4254 Isaurici

957 4292 1071 4354 boc
1109 4291 1243 4354 loco
1281 4292 1517 4353 videtur
1552 4292 1784 4355 inserta
1822 4310 1956 4356 esse
1997 4311 2035 4355 a
2075 4294 2352 4369 Nicolao,
2408 4300 2480 4357 ut
2516 4299 2846 4357 testaretur
2883 4294 3203 4356 Caesarem
3261 4292 3446 4354 etiam
3497 4290 3749 4354 liberam
3784 4278 4094 4374 religionis
4124 4353 4133 4360 .

1040 4627 1044 4631 ‚
1201 4568 1230 4620 1
1293 4564 1461 4621 Nisae
1495 4572 1653 4620 ratus
1689 4563 1855 4622 fldem
1891 4565 2204 4624 habendam
2242 4587 2363 4626 esse
2400 4566 2925 4644 praescriptionibus
2959 4565 3160 4622 barum
3214 4564 3716 4641 paragr-spheram,
3769 4569 3832 4623 in
3890 4567 4096 4644 quibus

959 4639 1164 4698 ansn
1213 4641 1415 4708 ὕπατος
1473 4644 1875 4713 nominaretur,
1930 4642 2112 4702 edicta
2148 4645 2404 4703 Caesaris
2461 4665 2511 4702 a.
2556 4641 2710 4719 mla
2766 4648 2829 4702 in
2880 4643 3351 4701 mamsconsulto
3391 4662 3441 4699 a.
3487 4640 3643 4716 'mla
3972 4663 4096 4705 esse

961 4717 1111 4775 dicit.
1215 4717 2082 4780 Sedfacitaremsahabere.
2182 4717 4096 4797 Νοιιῃοιίὶιιιοιιαιιιιοοωώιοιῗᾞκοῶοιιιῗθμςιᾱίαο-

958 4794 1196 4867 bantur,
1248 4794 1713 4854 ἆαιιοιιιίωιίοιιοι
1751 4801 2174 4872 magistratuum
2211 4801 2515 4860 edictorum
2551 4820 2601 4857 a.
2643 4797 2801 4871 ”Vn
2839 4807 3088 4859 retem-»e
3122 4798 3341 4857 essem?
3944 4829 3949 4835 ·
