4459 6067
2029 801 2106 857 95

494 943 797 1022 pollicitus
833 943 1077 1020 insuper
1112 961 1295 1006 curae
1334 943 1450 1007 sihi
1504 945 1663 1021 fore,
1717 964 1796 1009 ne
1835 947 2164 1010 Antiochus
2216 948 2280 1009 in
2338 953 2647 1024 posterum
2703 952 2911 1011 tantos
2940 949 3210 1012 ⁴iniurias
3264 950 3358 1012 eis
3415 950 3636 1014 insen-e

445 1084 456 1094 ·
493 1045 784 1109 auderet!
863 1046 1018 1120 Quid
1055 1048 1241 1110 vero?
1319 1048 1386 1110 Si
1438 1047 1639 1113 verbis
1692 1049 1841 1111 ὅταν
1878 1094 1898 1113 .
1936 1094 1954 1112 .
1994 1093 2013 1111 .
2050 1093 2070 1112 .
2110 1050 2456 1129 εὐσχολήσῃ
2509 1066 2629 1111 non
2681 1050 3085 1130 significatum
3143 1058 3307 1116 esset
3364 1059 3636 1117 senatum

496 1150 728 1213 omnino
765 1168 1078 1225 recusare,
1130 1168 1206 1213 ne
1243 1168 1314 1213 se
1353 1153 1715 1215 immisceret
1750 1151 1933 1216 rebus
1970 1153 2333 1215 Iudaeorum
2371 1157 2436 1214 et
2473 1152 2782 1229 Antiochi,
2839 1171 2947 1216 cur
2983 1172 3102 1217 non
3138 1155 3366 1219 Romae
3402 1173 3637 1220 manse-

494 1259 636 1316 runt
669 1254 890 1330 legati,
930 1253 1071 1315 dum
1109 1253 1274 1329 dies,
1313 1255 1413 1330 qui
1453 1256 1650 1332 apfior
1685 1261 1851 1318 esset
1890 1256 1971 1318 ad
2010 1256 2307 1332 agendum
2344 1254 2421 1315 de
2461 1256 2559 1317 eis
2589 1253 2805 1335 rehus,
2845 1263 3169 1334 appareret
3186 1260 3219 1320 ἲ
3298 1259 3421 1322 Gur
3456 1276 3632 1322 new

493 1359 595 1419 tus
650 1357 884 1433 legatos
934 1356 1171 1418 domum
1210 1356 1376 1418 misit
1427 1358 1650 1420 litteris
1703 1358 2213 1420 commendaticiis
2268 1357 2474 1418 datis?
2572 1342 2833 1421 Senatus
2889 1360 3259 1437 temporibus
3309 1361 3433 1424 illis
3485 1363 3638 1426 ssu·

494 1467 815 1537 occupatus
853 1461 1042 1522 noluit
1079 1461 1177 1523 vel
1214 1478 1336 1522 non
1373 1462 1570 1538 potuit
1606 1460 1790 1524 rebus
1827 1461 2188 1524 Iudaeorum
2224 1461 2553 1523 consulere.
2649 1462 2774 1524 Res
2833 1463 2888 1525 si
2920 1463 3035 1525 ‘ita
3094 1481 3163 1527 se
3212 1481 3328 1526 non
3367 1463 3638 1544 haberet,

495 1569 660 1627 certe
697 1564 934 1626 litteras
971 1565 1049 1625 ad
1091 1564 1448 1627 Antiochum
1484 1565 1724 1627 mittere
1763 1565 1982 1642 potuit.
2077 1564 2337 1626 Tantum
2391 1566 2679 1641 temporis
2735 1566 2795 1626 ei
2854 1564 3117 1629 defuisse
3170 1568 3267 1629 vix
3316 1568 3639 1632 verisimile

498 1673 610 1729 est.
693 1668 815 1730 Cur
853 1684 968 1729 non
1007 1666 1192 1728 iidem
1227 1668 1415 1744 legati
1455 1669 1821 1730 mittuntur?
1901 1666 2031 1740 Quo
2089 1665 2268 1728 modo
2328 1666 2565 1729 omnino
2614 1666 2748 1730 fleri
2798 1660 3028 1747 potuit,
3084 1675 3156 1732 ut
3208 1671 3519 1748 Hyrcanus
3574 1671 3639 1734 in

496 1770 1089 1848 Hierosolymitarum
1125 1770 1276 1832 urhe
1313 1770 1594 1833 obsessus
1628 1771 1997 1851 legationem
2033 1770 2226 1831 Roma
2261 1785 2565 1831 reversam
2620 1772 2921 1848 reciperet
2937 1818 2955 1851 ,
3016 1773 3267 1835 alteram
3321 1773 3515 1837 denuo
3567 1792 3642 1837 ex

496 1872 645 1936 urhe
681 1874 934 1936 Romam
971 1874 1282 1935 mitteret?
1360 1874 1677 1950 Expressis
1718 1874 1878 1936 enim
1915 1870 2119 1934 verbis
2157 1871 2304 1934 xm
2330 1854 2397 1946 8:
2418 1876 2454 1933 2
2494 1873 2687 1936 tradit
2728 1874 3020 1951 Iosephus
3044 1876 3399 1937 Antiochum
3426 1876 3641 1939 Hiero·

500 1977 726 2053 solyma
762 1977 853 2038 ita
891 1977 1359 2051 circumsedisse,
1422 1983 1492 2039 ut
1551 1995 1724 2039 nemo
1763 1994 1838 2039 ex
1872 1976 2027 2038 urhe
2066 1975 2356 2038 excedere
2392 1980 2602 2053 posset
2618 2021 2637 2053 ,
2691 1984 2764 2038 ut
2800 1977 3027 2057 legitur
3063 1977 3151 2040 ihi
3182 1977 3489 2059 Ἀντίοχος
3520 1977 3638 2058 μὴ

502 2076 619 2141 οὖν
655 2081 802 2151 τοὺς
835 2078 1287 2159 ἀπολεχθέντας
1324 2080 1598 2155 ἐξελθεῖν
1650 2079 1953 2156 ἐκώλυεν,
2007 2078 2077 2139 ot
2130 2075 2201 2139 ὃ)
2247 2076 2319 2139 ἐν
2368 2088 2500 2150 τοῖς
2551 2079 2779 2157 μεταξὺ
2832 2083 3056 2160 τείχεσι
3110 2083 3500 2161 πλανώμενοι
3535 2081 3640 2144 καὶ

501 2167 1031 2261 dommum.
1082 2192 1170 2266 τῷ
1211 2188 1374 2266 λιμςϊ
1423 2182 1821 2263 ἀπέθνησκον
1849 2183 2137 2261 'natosve
2214 2181 2449 2244 Deinde
2486 2199 2555 2243 re
2592 2200 2739 2245 vers
2777 2183 3089 2260 Hyr-canus
3125 2202 3314 2262 usque
3353 2186 3434 2248 ad
3472 2187 3641 2248 Anti·

444 2348 451 2355 ,
503 2287 637 2348 ochi
674 2292 927 2349 mortem
963 2285 1194 2349 tributa
1232 2289 1293 2349 ei
1331 2287 1516 2350 dedit.
1596 2287 1664 2349 si
1703 2303 1846 2348 vero
1886 2290 2136 2348 senatus
2174 2284 2467 2347 Antiocho
2506 2285 2748 2348 litteras
2785 2288 3052 2350 misisset
3068 2333 3088 2366 ,
3150 2294 3222 2351 ut
3271 2291 3468 2352 omnia
3504 2290 3642 2353 red·

502 2387 676 2450 deret
710 2389 950 2451 Iudaeis
988 2396 1053 2451 et
1089 2390 1343 2452 Iudaeos
1377 2387 1661 2452 libertate
1698 2388 1791 2451 uti
1830 2390 2091 2465 sineret,
2145 2405 2292 2450 sane
2329 2388 2543 2450 mirum
2580 2395 2746 2452 esset
2786 2390 3126 2467 Hyrcanum
3161 2410 3272 2468 per
3309 2398 3405 2455 tot
3457 2411 3643 2457 annos
3718 2466 3723 2475 ‚

500 2493 792 2555 Antiocho
829 2492 1057 2554 tributa
1095 2493 1335 2554 dedisse
1373 2493 1712 2570 auxiliaque
1764 2494 1822 2554 ei
1874 2493 2115 2554 misisse
2165 2491 2246 2554 ad
2284 2490 2446 2554 bella
2484 2493 2755 2571 gerenda
2809 2493 2911 2572 (cf.
2938 2494 3086 2556 xm
3114 2500 3208 2570 10,
3245 2500 3308 2559 1.
3290 2515 3308 2531 ·
3360 2495 3646 2577 ‘1³0oeoeon

504 2593 574 2658 ei
613 2595 811 2657 πάντα
856 2597 967 2658 τὸν
1016 2597 1248 2676 χρόνον
1293 2594 1534 2658 ἐκεῖνον
1589 2599 1757 2674 (post
1793 2596 2074 2658 Antiochi
2112 2597 2390 2674 mortem)
2451 2594 2521 2657 ἐν
2580 2598 2796 2678 εἰρήνῃ
2855 2598 3059 2677 διῆγε·
3117 2596 3222 2659 καὶ
3281 2596 3401 2678 γὰρ
3458 2601 3647 2672 αὐτὸς

503 2700 652 2779 μετὰ
687 2700 802 2779 τὴν
833 2698 1166 2779 Ἀντιόχου
1200 2701 1493 2778 τελευτὴν
1529 2709 1656 2762 τῶν
1693 2700 2082 2761 Μακεδόνων
2120 2697 2352 2778 ἀπέστη
2402 2696 2504 2759 καὶ
2544 2700 2688 2762 οὔτε
2729 2700 2815 2772 ὥς
2849 2701 3123 2783 &sinoce
3160 2702 3303 2764 οὔτε
3341 2703 3427 2774 ὣς
3464 2705 3647 2783 φαοσ
3700 2734 3703 2737 ·
3776 2768 3795 2790 ἱ

506 2804 716 2875 αὐτοῖς
740 2800 927 2866 οὐδὲν
963 2806 1053 2864 ἔτι
1089 2804 1425 2882 παρεῖχεν).
1506 2801 1628 2865 Sub
1653 2803 1966 2890 Demetrio
2003 2780 2191 2881 igitur
2213 2802 2498 2865 Nicatore
2538 2803 2778 2865 demum
2803 2804 3113 2881 Hyrcanus
3151 2804 3494 2868 libertatem
3530 2805 3647 2869 sihi

504 2907 883 2969 vindicavit.
844 2907 865 2943 ¹
963 2906 1129 2981 Quae
1169 2907 1246 2967 de
1285 2906 1629 2968 narratione
1667 2907 1909 2983 Iosephi
1936 2911 2000 2968 et
2023 2906 2255 2983 pietate
2280 2906 2557 2968 Antiochi
2582 2905 3003 2970 Mendelssohn
3040 2927 3099 2987 p.
3139 2914 3253 2972 128
3279 2926 3404 2986 eqs.
3444 2910 3645 2988 dispu-

505 3018 629 3090 tat,
682 3030 758 3075 es
812 3013 961 3073 satis
997 3013 1121 3073 iam
1159 3011 1514 3073 Gutschmid
1531 3010 1556 3047 ¹
1605 3010 1911 3072 refutavit.
1991 3009 2149 3071 Nam
2186 3010 2250 3071 id
2288 3014 2526 3071 tantum
2568 3013 2867 3073 concessit
2905 3011 3233 3074 Antiochus
3247 3058 3265 3086 ,
3325 3018 3395 3076 ut
3433 3013 3646 3076 Hiero-

506 3116 909 3192 solymitarum
947 3112 1092 3176 urbs
1131 3114 1435 3193 praesidio
1474 3113 1666 3176 libera
1704 3120 1886 3175 esset.
1963 3113 2166 3174 Etiam
2190 3112 2413 3174 Grsetz
2429 3109 2455 3149 ⁸
2495 3112 2718 3189 optime
2758 3114 3031 3190 exposuit
3066 3114 3234 3191 pacis
3274 3115 3647 3178 condiciones

509 3217 618 3281 sub
657 3220 855 3296 specie
896 3222 1105 3299 φιλίας
1141 3216 1247 3280 καὶ
1287 3222 1632 3297 συμμαχίας
1670 3217 1848 3279 datas
1884 3234 1956 3279 re
1995 3234 2138 3278 vera
2176 3234 2292 3278 non
2333 3221 2460 3278 tam
2499 3233 2725 3293 aequas
2764 3217 2971 3293 fuisse,
3009 3234 3190 3294 quam
3233 3218 3649 3282 Mendelssohn

508 3329 697 3401 putat.
780 3323 945 3396 Quae
985 3340 1119 3396 cum
1156 3323 1248 3385 ita
1289 3324 1429 3395 sint,
1470 3321 1934 3384 Mendelssohnii
1976 3322 2277 3383 sententia
2315 3319 2630 3383 abicienda
2673 3326 2787 3384 est.

746 3427 933 3489 Paulo
973 3427 1152 3490 aliter
1189 3426 1478 3489 iudicavit
1513 3425 1764 3502 Bitschl‚
1804 3425 1925 3503 qui,
1965 3431 2036 3486 ut
2073 3441 2258 3500 supra
2295 3424 2439 3502 dixi,
2475 3425 2607 3500 ipse
2645 3440 2878 3501 quoque
2917 3424 2995 3486 de
3034 3424 3326 3487 Antiocho
3363 3425 3652 3488 Demetrii

505 3531 547 3593 f.
603 3530 1026 3620 cogitandum:
1051 3547 1186 3592 esse
1259 3530 1582 3592 contendit.
1689 3528 2075 3591 Existimavit
2125 3528 2280 3605 enim
2333 3528 2915 3625 senatusconsultum
2968 3525 3110 3587 XIV
3141 3532 3233 3605 10,
3261 3530 3337 3587 22
3397 3527 3650 3589 relatum

505 3634 729 3696 factum
773 3650 906 3695 esse
948 3640 1088 3699 ante
1128 3633 1191 3694 id
1233 3635 1852 3712 senatusconsultum,
1913 3633 2072 3711 quod
2116 3631 2289 3695 nobis
2343 3632 2489 3694 XIII
2520 3636 2577 3709 9,
2605 3635 2642 3692 2
2695 3637 2999 3694 servatum
3052 3636 3243 3703 esset,
3299 3632 3649 3695 Antiochum

508 3754 645 3798 vero
682 3736 1083 3799 Romanorum
1119 3737 1409 3813 mandata
1452 3754 1569 3800 non
1608 3738 1931 3800 curavisse.
2030 3735 2151 3798 Sed
2192 3753 2327 3798 cum
2378 3734 2956 3798 senatusconsultum
3007 3735 3166 3812 apud
3209 3735 3327 3797 Ios.
3354 3735 3500 3796 xm
3526 3740 3584 3812 9,
3611 3741 3648 3798 2

505 3841 762 3901 relatum
799 3839 971 3902 initio
1009 3840 1149 3901 anni
1188 3839 1244 3878 ⁸²
1250 3841 1377 3914 'lm
1417 3839 1642 3903 factum
1683 3857 1818 3902 esse
1858 3840 2040 3912 dicat,
2080 3856 2330 3901 necesse
2369 3845 2532 3901 esset
2570 3837 3168 3915 senatusconsultum,
3207 3837 3367 3915 quod
3392 3837 3562 3902 nohis
3586 3838 3650 3900 in
3713 3833 3717 3836 ’

507 3944 1009 4022 Pergamenorum
1034 3943 1283 4006 decreto
1307 3944 1594 4006 traditum
1623 3950 1737 4018 est,
1776 3944 2001 4006 factum
2031 3961 2166 4005 esse
2192 3943 2314 4005 iam
2342 3948 2482 4005 snte
2520 3961 2577 4005 a.
2607 3940 2810 4013 ‘¹¹lm.
2890 3941 3062 4016 Quod
3088 3942 3236 4003 mihi
3260 3958 3335 4005 ea
3366 3942 3441 4004 de
3467 3960 3651 4006 causa

507 4044 752 4124 probari
791 4063 905 4107 non
945 4064 1123 4124 posse
1160 4048 1402 4110 videtur
1415 4093 1434 4122 ,
1495 4048 1651 4126 quod
1709 4047 2019 4109 decretum
2079 4047 2303 4109 factum
2358 4051 2454 4109 est
2507 4064 2546 4107 a
2584 4045 2978 4125 Pergamenis
3037 4046 3216 4107 sociis
3253 4046 3649 4109 Romanorum

509 4149 612 4227 (cf.
650 4147 752 4210 καὶ
792 4147 968 4211 αὐτοὶ
1005 4139 1208 4212 κᾶντα
1244 4161 1454 4213 ποιεῖν
1490 4148 1648 4229 ὑπὲρ
1683 4149 2004 4211 Ἰουδαίων
2043 4151 2351 4230 σύμμαχοι
2389 4151 2566 4221 ὄντες
2595 4148 2921 4227 Ῥωμαίων
2958 4149 3111 4210 κατὰ
3148 4150 3220 4211 τὸ
3254 4157 3367 4228 τῆς
3389 4153 3650 4229 συγκλή-

509 4274 623 4315 του
674 4253 873 4332 δόγμα
923 4251 1388 4334 ἐψηφισάμεθα,
1454 4253 1557 4316 ubi
1616 4252 2041 4315 Mendelssohn
2094 4252 2334 4330 quidem
2383 4250 2742 4314 'mutandum
2800 4257 3007 4315 censet
3062 4252 3397 4332 συμμάχων
3450 4253 3649 4315 ὄντων

752 4448 778 4499 1
843 4444 914 4504 cl.
953 4448 1118 4501 etiam
1155 4446 1434 4503 Iustinum
1472 4443 1736 4501 XXXVI
1766 4448 1819 4513 1,·
1851 4446 1959 4500 102
2012 4442 2366 4517 t(Kiffiochus
2406 4441 2917 4518 Sidetas)1udseos
2993 4457 3189 4516 noque,

513 4519 2962 4616 donieoimperiombnemeffiopsuearmisseinubertatemviadioevmntm
2895 4460 3130 4592 affingit
3209 4440 3647 4588 &oi-undu·

507 4609 695 4657 tanne
729 4599 913 4669 fuere,
968 4601 1624 4676 utposthsecnullum
1661 4597 2519 4672 Macedonumregemtulerint
2555 4597 2978 4672 domesticisque
3011 4596 3646 4672 impetn-&85:12³

506 4640 3498 4752 mgnnbeni’sinfemverint·‚ef.loaxl11⁹‚1.znmwoenudusttlsvspueo

509 4759 546 4813 8
604 4754 933 4815 Goechichte
970 4755 1072 4814 der
1106 4757 1742 4836 Judmnpsoeqn.
1895 4776 1902 4783 ·
