4459 6067
3232 772 3275 787 q-

2742 916 2875 948 s*-

1011 967 1330 1046 impeditas
1380 968 1662 1031 formulas
1717 973 1790 1049 et,
1834 969 2065 1030 anxiam
2121 968 2498 1031 decretorum
2558 984 2761 1029 curam
2812 971 2877 1029 et
2932 968 3131 1044 legum
3168 968 3571 1030 Romanarum
3623 970 3871 1032 noverit.
3955 969 4147 1046 Atque

1014 1073 1136 1133 tale
1177 1071 1410 1133 dicendi
1450 1089 1638 1151 genus
1669 1072 1732 1133 in
1758 1071 2349 1149 interpretationibus
2386 1072 2643 1151 graecis‘
2665 1076 2920 1147 apparet
2959 1071 3142 1132 etiam
3180 1073 3366 1133 multo
3406 1073 3602 1133 minus
3640 1072 3883 1149 elegans
3921 1073 4148 1135 factum

1014 1193 1148 1237 esse
1174 1175 1373 1237 studio
1413 1175 1624 1249 omnia,
1663 1176 1913 1237 maxime
1954 1175 2238 1238 formulas
2276 1182 2556 1238 accurate
2598 1179 2660 1237 et
2701 1175 2779 1237 ad
2819 1173 3065 1237 verbum
3091 1173 3398 1237 reddendi.
3468 1176 3666 1252 Atque
3692 1177 3946 1250 accedit,
3988 1176 4146 1253 quod

1009 1280 1368 1355 interpretes
1421 1280 1707 1341 sermonis
1760 1281 1992 1356 graeci,
2048 1284 2116 1341 ut
2155 1279 2397 1362 docui„
2423 1278 2583 1340 haud
2638 1280 2726 1339 ita
2777 1278 2959 1355 periti
3013 1282 3203 1340 erant.
3283 1276 3493 1354 Neque
3531 1295 3674 1340 vero
3729 1279 3874 1339 mibi
3910 1280 4149 1341 videtur

1009 1382 1220 1461 negari
1257 1399 1434 1459 posse
1451 1427 1469 1459 ,
1530 1399 1660 1444 cum
1700 1382 1983 1444 formulae
2023 1382 2248 1443 latinae
2304 1398 2540 1458 semper
2580 1380 2789 1442 eodem
2851 1380 3025 1442 modo
3066 1396 3285 1459 graece
3324 1380 3598 1442 redditae
3639 1381 3761 1443 sint
3782 1427 3801 1458 ,
3865 1398 3997 1444 cum
4038 1398 4147 1458 per

1007 1485 1286 1546 nonnulla
1322 1484 1561 1546 saecula
1599 1486 1911 1547 nonnullae
1972 1484 2180 1546 eodem
2239 1484 2608 1573 ineptissimo
2661 1474 2836 1544 mo'do
2876 1482 3151 1544 redditae
3190 1483 3313 1543 sint
3328 1526 3347 1554 ,
3408 1500 3541 1544 cum
3581 1482 3876 1546 dictiones
3915 1484 4144 1561 latinae

1007 1587 1425 1650 diversissimis
1462 1587 1825 1665 temporibus
1862 1595 2180 1664 usurpatae
2207 1605 2283 1649 ne
2309 1589 2370 1648 in
2398 1604 2615 1663 graeca
2642 1586 2881 1663 quidem
2906 1587 3402 1662 interpretatione
3443 1572 3757 1665 differant,'
3783 1588 4142 1665 glossarium

1008 1690 1244 1766 aliquod
1286 1691 1587 1752 exstitisse
1601 1734 1618 1762 ,
1660 1708 1733 1752 ex
1771 1706 1886 1767 quo
1901 1735 1919 1768 ,
1958 1691 2059 1767 qui
2096 1686 2652 1766 interpretationem
2692 1687 2927 1765 publice
2967 1687 3287 1767 faciebant,
3325 1691 3516 1752 multa
3557 1696 3955 1767 sumpserunt.
4038 1695 4147 1752 At-

1007 1810 1120 1871 que
1157 1794 1270 1856 hoc
1307 1795 1444 1857 inde
1481 1794 1716 1856 videtur
1754 1801 1976 1857 certum
2015 1794 2145 1865 fleri
2159 1840 2177 1871 ,
2218 1793 2375 1869 quod
2414 1793 2542 1855 sine
2582 1791 2761 1854 dubio
2801 1792 3101 1869 interpres
3141 1810 3339 1855 rerum
3379 1799 3686 1870 gestarum
3726 1793 3848 1855 divi
3889 1796 4142 1871 Augusti

1004 1899 1296 1977 glossario
1324 1916 1467 1961 usus
1491 1904 1601 1961 est.
1685 1898 1854 1971 Quod
1880 1899 1931 1960 si
1958 1898 2354 1974 concedimus,
2391 1897 2490 1958 vix
2529 1898 2842 1973 qnisquam
2882 1895 3128 1973 negabit
3167 1897 3349 1958 etiam
3390 1898 3716 1974 scriptores
3750 1897 4146 1973 epistularum

1003 2000 1101 2063 hic
1139 2001 1262 2063 illic
1299 2002 1590 2080 glossario
1627 2018 1767 2063 usos
1808 2018 1940 2063 esse
1955 2046 1972 2079 ,
2041 2018 2116 2063 ex
2155 2018 2272 2079 quo
2312 2001 2602 2063 dictiones
2641 2000 2806 2062 velut
2858 2000 2974 2078 τὴν
3013 1998 3350 2078 ἐπιτροπὴν
3389 2001 3668 2078 διδόναι,
3728 2003 4143 2079 προίστασθαι

1002 2112 1114 2165 τοῦ
1152 2103 1408 2179 ἐνδόξου
1445 2104 1774 2181 multasque
1832 2104 1984 2166 alias
2034 2122 2108 2167 ex
2155 2103 2393 2182 publico
2435 2104 2800 2165 Graecorum
2852 2119 3127 2165 sermone
3179 2108 3450 2180 sumptas
3506 2104 3751 2167 haurire
3802 2110 4143 2182 potuerunt.
4239 2184 4243 2188 ,

1002 2206 1118 2269 Sed
1159 2207 1469 2269 redeamus
1508 2207 1586 2269 ad
1624 2209 2134 2270 senatusconsulta
2148 2254 2166 2285 ,
2225 2225 2474 2285 qnorum
2522 2224 2714 2286 genus
2757 2206 2992 2268 dicendi
3034 2223 3109 2268 ea
3157 2224 3225 2269 re
3264 2205 3335 2268 fit
3371 2207 3718 2287 languidum
3734 2253 3751 2282 ,
3810 2208 3969 2285 quod
4009 2225 4145 2272 sae-

999 2312 1242 2388 pissime
1293 2309 1483 2391 figura
1498 2357 1516 2389 ,
1568 2328 1720 2389 quae
1769 2318 2013 2374 vocatur
2062 2312 2504 2388 anticipationis
2558 2315 2880 2387 usurpatur
2897 2354 2917 2387 ,
2983 2310 3140 2387 qnod
3195 2312 3507 2374 enuntiata
3558 2312 3816 2374 relativa
3866 2313 4148 2391 anteponi

1001 2415 1195 2477 solent
1214 2461 1230 2489 ,
1303 2416 1391 2477 ita
1444 2421 1513 2477 ut
1565 2420 1775 2492 postea
1834 2433 2153 2491 pronomen
2218 2414 2747 2477 demonstrativum
2807 2417 2914 2475 aut
2974 2412 3413 2476 substantivum
3469 2415 3731 2478 addatur
3784 2416 3913 2492 (ct,
3948 2417 4036 2478 xl
4052 2422 4145 2479 18.

913 2515 922 2522 ”
1000 2522 1095 2581 22.
1112 2523 1208 2595 25,
1233 2518 1500 2580 xv1104
1517 2518 1686 2595 eqs.).
1764 2518 2177 2596 xna21,Bs
2227 2521 2452 2597 λόγους
2511 2517 2906 2596 ἐποιήσαντο,
2960 2533 3093 2578 cum
3130 2520 3525 2595 praemissum
3578 2520 3661 2581 sit
3698 2520 3777 2597 (v.
3823 2520 4145 2598 Alema)

999 2622 1161 2683 nulla
1217 2639 1285 2684 re
1339 2622 1414 2682 de
1465 2638 1580 2699 qua
1634 2623 1830 2698 agitur
1884 2622 2089 2685 addita
2104 2669 2121 2697 ‚
2180 2624 2478 2699 repetitur
2528 2640 2639 2699 per
2690 2621 3006 2699 [εἴκασαν]
3056 2621 3150 2683 vel
3189 2620 3625 2701 [dcazdyheoev.
3706 2623 4036 2685 Monstrum
4077 2630 4148 2687 ut

998 2724 1087 2787 ita
1134 2725 1359 2800 dicam,
1412 2726 1702 2787 enuntiati
1751 2726 2013 2788 invenies
2051 2726 2223 2788 xus
2244 2731 2322 2789 20
2361 2742 2484 2804 eqs.
2539 2722 2681 2803 περὶ
2718 2725 2922 2804 χώρας
2958 2720 3062 2785 καὶ
3101 2723 3243 2803 περὶ
3296 2728 3530 2805 χωρίου
3585 2724 3898 2804 [εἴπασαν]
3915 2769 3936 2803 ,
4000 2726 4140 2804 μεθ’

997 2823 1073 2905 ἧς
1108 2830 1312 2908 χώρας
1348 2872 1365 2889 .
1385 2872 1401 2889 .
1416 2872 1433 2890 .
1447 2874 1464 2902 ,
1502 2829 1582 2907 ἣν
1618 2831 1823 2909 χώραν
1861 2875 1878 2891 .
1894 2874 1911 2892 .
1928 2874 1972 2908 .,
2011 2829 2151 2909 περὶ
2189 2831 2416 2910 τούτου
2450 2839 2564 2891 τοῦ
2602 2828 2957 2908 πράγματος
2994 2827 3161 2899 ὅπως
3197 2828 3313 2906 τὴν
3351 2827 3639 2889 διάνοιαν
3676 2828 4145 2909 πρό(σ)σχοσιν,

994 2929 1164 3004 ὅπως
1200 2940 1380 2996 τοῦτο
1417 2934 1489 2994 τὸ
1526 2940 1770 3013 πρᾶγμα
1808 2934 2017 3006 αὐτοῖς
2054 2926 2528 3012 ἀποκατασταθῇ
2566 2977 2584 2995 .
2605 2977 2621 2994 .
2641 2932 2864 3010 οὕτο[ς
2903 2932 3014 3011 ὡς]
3028 2976 3045 2994 .
3066 2974 3084 2992 .
3101 2975 3146 3010 .,
3184 2929 3326 3010 περὶ
3364 2932 3592 2994 τούτου
3631 2939 3745 2994 τοῦ
3784 2931 4142 3011 πράγματος

997 3052 1121 3113 eqs.
1163 3035 1265 3116 (cf.
1307 3037 1496 3099 simile
1538 3038 1903 3099 enuntiatum
1942 3038 2118 3099 XIIB
2133 3043 2171 3100 8
2191 3038 2363 3115 eqs.).
2435 3038 2521 3100 XI
2543 3041 2618 3099 32
2641 3054 2766 3115 eqs.
2807 3035 3008 3099 studio
3032 3035 3299 3098 breviter
3333 3035 3616 3113 loquendi
3653 3035 3879 3098 factum
3920 3039 4035 3114 eat,
4073 3041 4143 3099 ut

996 3142 1361 3202 enuntiatum
1398 3143 1673 3220 χρυσίον,
1711 3139 1766 3204 ὃ-
1785 3144 2169 3220 συνήνεγκαν
2207 3144 2300 3214 εἰς
2337 3140 2664 3222 στέφανον,
2701 3138 2870 3213 ὅπως
2908 3142 3000 3213 εἰς
3035 3140 3107 3202 τὸ
3147 3140 3546 3201 Καπετώλιον
3582 3139 4142 3218 κατασκευάσωσιν,

996 3244 1074 3305 ad
1121 3243 1296 3304 finem
1334 3244 1565 3305 omnino
1604 3261 1718 3305 non
1772 3244 2213 3321 perduceretur.
2294 3244 2448 3307 Nam
2489 3262 2621 3307 cum
2673 3245 3037 3322 pergendum
3091 3244 3273 3306 fuerit
3318 3242 3489 3315 ὅπως
3523 3250 3707 3305 τοῦτο
3746 3242 3959 3314 αὐτοῖς
3994 3241 4147 3305 ἀπο-

995 3346 1158 3425 δοθῇ
1207 3352 1269 3409 et
1315 3352 1440 3408 tum
1481 3347 1711 3409 demum
1752 3348 1814 3409 id
1854 3348 2009 3424 quod
2048 3354 2295 3411 senatus
2335 3349 2583 3426 censuit,
2624 3349 2793 3424 sequi
2832 3346 3111 3410 debuerit
3124 3392 3142 3424 ,
3182 3346 3392 3408 statim
3428 3350 3568 3423 post
3605 3346 4145 3409 κατασκευάσασα

995 3451 1135 3528 quid
1175 3451 1408 3513 senatui
1447 3452 1632 3513 visum
1688 3453 1769 3514 sit
1784 3498 1801 3531 ,
1859 3452 2143 3515 adfertur.
2226 3451 2574 3514 Kirchhoffii
2613 3451 3012 3527 coniecturae,
3055 3452 3157 3528 qui
3220 3466 3331 3527 pro
3369 3449 3615 3531 τούτοις
3651 3458 3836 3511 τοῦτο
3875 3449 4142 3533 scribere

991 3554 1177 3616 voluit
1217 3560 1279 3617 et
1315 3556 1379 3616 id
1420 3554 1575 3633 quod
1616 3563 1859 3619 senatus
1899 3556 2227 3619 censuisset
2246 3602 2264 3633 ,
2319 3556 2552 3632 putavit
2589 3556 2855 3632 incipere
2912 3556 3145 3631 demum
3188 3570 3228 3623 a
3268 3551 3467 3615 verbis
3506 3553 3731 3631 ὅμως]
3769 3561 3994 3616 τοῦτον
4033 3554 4143 3616 τὸν

992 3656 1297 3736 στέφανον
1325 3674 1469 3735 eqs„
1510 3676 1582 3721 ea
1611 3658 1687 3721 de
1726 3675 1907 3721 cansa
1934 3661 2214 3721 assentiri
2242 3677 2357 3721 non
2387 3676 2646 3737 possum,
2688 3659 2829 3737 quia
2853 3657 3037 3720 verba
3060 3658 3283 3719 καθότι
3323 3655 3718 3736 ἐνεφάνισαν,
3757 3661 3827 3718 ut
3865 3656 3928 3717 in
3956 3675 4009 3719 v,
4045 3661 4143 3730 29,

993 3767 1156 3823 certe
1182 3761 1260 3824 ad
1287 3768 1531 3826 senatus
1568 3779 1914 3839 responsum
1943 3762 2261 3826 referenda
2300 3771 2456 3826 sunt.
2534 3764 2627 3825 Ea
2655 3763 2731 3826 de
2759 3779 2943 3824 causa
2980 3762 3222 3833 τούτοις
3248 3778 3325 3823 ne
3356 3778 3468 3837 pro
3507 3760 3721 3831 αὐτοῖς
3757 3760 3999 3838 quidem
4032 3778 4143 3837 per

993 3879 1250 3926 errorem
1306 3854 1589 3942 scriptum
1643 3883 1775 3928 esse
1828 3872 2053 3942 potest,
2108 3873 2175 3929 ut
2213 3868 2539 3930 Mommsen
2592 3868 2796 3930 voluit.
2893 3865 3121 3930 Novum
3174 3866 3359 3943 igitur
3413 3866 3831 3927 documentum
3878 3865 3993 3928 hoc
4049 3871 4144 3927 est

992 3965 1283 4045 abruptae
1338 3976 1402 4030 et
1438 3969 1758 4046 impedItae
1797 3969 1970 4032 huius
2010 3978 2254 4034 senatus
2293 3972 2551 4033 consulti
2605 3971 2842 4034 dicendi
2880 3971 3153 4033 rationis.
3233 3969 3377 4031 XVI
3400 3974 3479 4030 60
3498 3985 3626 4046 eqs.
3667 3966 3764 4030 bis
3792 3950 4140 4049 ιφοοντίσηι

987 4071 1191 4148 inepte
1230 4073 1512 4149 scriptum
1551 4080 1663 4151 est,
1702 4072 1805 4136 ubi
1845 4076 2111 4148 alterum,
2152 4076 2307 4153 quod
2349 4076 2584 4154 quidem
2619 4076 2741 4137 iam
2771 4076 2834 4136 in
2869 4075 3194 4152 exemplari
3234 4073 3422 4135 latino
3462 4071 3597 4149 fuit,
3638 4072 3827 4135 deleri
3867 4071 4145 4150 debebat,

987 4175 1157 4238 XVII
1174 4179 1249 4237 26
1288 4176 1497 4248 αὐτοῖς
1534 4182 1598 4238 et
1632 4177 1875 4249 τούτοις
1912 4178 2164 4240 alterum
2204 4178 2373 4240 brevi
2411 4185 2550 4256 post
2584 4178 2841 4241 alterum
2878 4178 3136 4257 legimus
3149 4177 3192 4255 ¹,
3233 4174 3453 4238 deinde
3484 4175 3627 4238 XVI
3646 4181 3758 4237 107
3799 4176 4040 4254 [τ]οῦτό
4078 4197 4144 4238 τε

990 4282 1395 4359 φροντίζωσιν
1433 4280 1689 4341 διδῶσίν
1725 4301 1792 4341 τε
1831 4280 2140 4360 ἐργασίαν,
2179 4283 2311 4360 ῗν[α
2348 4284 2566 4361 ταῦτα]
2608 4283 2803 4354 οὕτως
2840 4285 3152 4360 γίνωνται.
3233 4280 3384 4342 Cum
3423 4297 3564 4342 vero
3618 4281 3826 4357 multa,
3866 4297 4021 4357 quae
4062 4281 4141 4344 ad

986 4398 1115 4444 rem
1153 4383 1597 4461 grammaticam
1638 4389 1912 4460 spectant
1928 4431 1945 4461 ,
2002 4392 2066 4447 et
2105 4386 2392 4448 formulas
2431 4386 2837 4463 ineptissimas
2876 4386 3000 4447 iam
3037 4384 3488 4462 perstrinxerim
3504 4429 3523 4462 ‚
3560 4385 3659 4446 hic
3701 4385 3980 4445 nonnulla
4024 4385 4145 4446 alia

990 4485 1208 4546 addam
1227 4531 1245 4563 ,
1304 4502 1456 4562 quae
1493 4503 1704 4563 parum
1742 4504 1955 4563 graece
2008 4498 2328 4551 evaserunt
2383 4507 2456 4551 ex
2511 4489 3009 4566 interpretatione
3048 4489 3128 4550 ad
3166 4486 3413 4549 verbum
3454 4487 3634 4549 facta.
3716 4485 3910 4548 Nimis
3948 4487 4138 4548 latine

991 4594 1079 4651 ‘ut
1115 4607 1190 4652 ne
1243 4592 1304 4651 in
1356 4590 1619 4667 ordinem
1655 4591 2133 4671 regrederentur’
2191 4593 2494 4655 redditum
2548 4599 2644 4655 est
2701 4611 2812 4670 per
2872 4592 3042 4665 ὅπως
3093 4592 3179 4670 μὴ
3235 4593 3326 4663 εἰς
3373 4590 3548 4679 τάξιν
3602 4590 4141 4675 κατακορούονται

1254 4727 1402 4736 ...οισι
1519 4727 1714 4735 00——0-

1222 4797 1250 4848 1
1314 4791 1613 4867 VB7eqn.
1656 4789 1745 4851 τὸν
1783 4791 1957 4865 δῆμον
1998 4805 2056 4853 et
2094 4795 2265 4870 paulo
2299 4805 2429 4872 post
2466 4794 2692 4867 αὖτοός,
2731 4797 2802 4852 cf.
2844 4805 2959 4853 not.
3003 4794 3079 4851 ad
3116 4793 3174 4851 Ῑι.
3212 4793 3255 4850 l.
