4459 6067
1761 829 1840 886 8⁷

244 980 371 1036 tum
407 972 536 1036 fieri
573 976 798 1052 potuit,
862 976 1196 1050 omitteret,
1254 976 1421 1038 velut
1458 993 1531 1038 ex
1572 975 1998 1053 appendicibus
2048 976 2110 1039 id
2166 979 2473 1042 consilium
2512 982 2791 1061 cognosci
2828 985 3030 1059 potest
3044 1025 3061 1054 ,
3114 985 3186 1043 ut
3237 997 3386 1058 quas

245 1078 551 1154 Augustus
588 1076 819 1140 fecerat
853 1096 956 1141 res
995 1078 1325 1156 quibusque
1362 1081 1586 1156 optime
1625 1080 1703 1141 de
1741 1078 2051 1156 republica
2086 1080 2337 1141 meritus
2375 1088 2509 1144 erat
2528 1129 2547 1161 ,
2602 1083 2867 1146 breviter
2923 1083 3388 1160 comprehensae

247 1194 320 1239 eo
359 1179 553 1257 magis
593 1186 657 1242 et
696 1180 929 1253 facilius
966 1183 1225 1259 perspici
1264 1187 1331 1244 et
1368 1183 1648 1262 cognosci
1685 1186 1948 1258 possent.
2031 1181 2198 1254 Quod
2240 1181 2399 1244 idem
2434 1184 2670 1246 videtur
2704 1190 2885 1262 posse
2922 1185 3060 1248 inde
3096 1185 3388 1263 intellegi,

250 1286 318 1341 ut
357 1280 434 1342 de
475 1282 611 1345 aliis
647 1283 831 1346 rebus
856 1289 1109 1361 taceam,
1149 1283 1305 1361 quod
1345 1283 1644 1359 interpres
1683 1282 1789 1345 Gr.
1821 1290 1875 1358 1,
1896 1288 2006 1357 2ος
2039 1288 2263 1360 14,16;
2294 1289 2484 1359 16,12
2522 1286 2756 1348 addidit
2783 1287 3134 1349 adiectivum
3174 1288 3385 1359 πολύς.
4446 1328 4447 1339 1

253 1383 481 1445 Deinde
519 1386 572 1445 si
610 1386 742 1449 loco
780 1388 1123 1449 sestertium
1160 1385 1492 1449 redduntur
1531 1385 1796 1459 denarii,
1847 1394 2102 1463 apparet
2137 1387 2201 1448 id
2243 1405 2317 1448 ea
2358 1386 2434 1449 ds
2472 1405 2652 1450 causa
2690 1407 2825 1451 esse
2864 1389 3119 1466 factum,
3158 1394 3230 1451 ut
3266 1389 3417 1483 (ἔα-ἡ
4444 1352 4447 1473 ⁵

250 1485 411 1546 latae
451 1503 522 1549 eo
561 1486 796 1550 facilius
835 1489 1253 1566 intellegerent
1269 1534 1285 1562 ,
1325 1494 1586 1564 quantae
1627 1487 1882 1550 fuissent
1921 1505 2186 1550 summae
2229 1486 2307 1549 ab
2350 1488 2619 1569 Augusto
2658 1491 2930 1553 conlatae
2944 1493 2986 1551 ⁸.
3064 1492 3390 1553 Praeterea
3803 1492 3811 1499 '
4444 1476 4447 1515 ⁴

247 1586 392 1647 mihi
419 1588 651 1651 videtur
675 1591 973 1668 interpres
996 1592 1298 1653 Romanus
1326 1590 1561 1654 Galatis
1600 1592 1794 1655 ‘ludos
1824 1592 2144 1653 saeclares’
2171 1591 2331 1670 (Lat.
2354 1597 2413 1665 4,
2429 1595 2532 1663 3⁷)
2560 1592 2945 1668 explicavisse
2973 1610 3081 1669 per
3104 1595 3213 1665 τὰς
3236 1595 3390 1667 θεὸς

253 1690 358 1751 διὰ
395 1688 611 1753 ἑκατὸν
649 1692 802 1756 ἐτῶν
840 1693 1228 1773 γεινομένας,
1268 1693 1719 1774 ὀνομαζομένας
1754 1695 2102 1773 uacatione
2139 1694 2274 1774 (Gr.
2292 1699 2411 1769 -12,
2436 1695 2568 1772 10),
2606 1695 2753 1755 item
2790 1696 3088 1757 ‘coronam
3124 1697 3389 1759 civicam·

253 1792 414 1869 (Lat.
444 1796 617 1870 6,17)
655 1814 765 1872 per
802 1796 838 1859 ὁ
878 1798 1132 1875 δρύινος
1169 1796 1504 1877 στέφανος,
1567 1797 1603 1860 ὁ
1643 1797 1971 1875 διδόμενος
2009 1795 2109 1859 ἐπὶ
2147 1800 2417 1875 σωτηρία
2452 1807 2577 1858 τῶν
2614 1800 2914 1858 nol-usam
2954 1797 3085 1874 (Gr.
3118 1804 3211 1876 17,
3228 1800 3334 1876 24)
3349 1798 3392 1861 ⁸.

189 1944 202 1957 .
251 1895 556 1973 Interpres
595 1898 896 1961 Romanus
934 1901 1115 1973 solus,
1155 1905 1225 1961 ut
1264 1899 1480 1961 Kaibel
1516 1918 1576 1976 p.
1623 1904 1734 1961 197
1779 1902 1909 1961 iure
1949 1901 2128 1972 dicit,
2179 1910 2405 1961 memor
2455 1900 2680 1961 latinae
2733 1900 3050 1963 locutionis
3089 1902 3166 1963 do
3202 1884 3412 1964 lustro

254 1998 559 2061 condendo
588 2000 857 2063 ‘lustrum
887 2002 1020 2063 teci'
1050 2004 1207 2078 (Lat.
1232 2007 1289 2077 2,
1308 2006 1372 2079 3)
1397 2009 1635 2065 vertere
1662 2004 1860 2079 potuit
1885 2021 1995 2079 per
2019 2002 2413 2081 ἀποτείμησις
2457 2006 2866 2081 συνεκλείσθη
2893 2004 3025 2081 (Gr.
3051 2010 3109 2077 4,
3129 2008 3204 2065 12
3224 2007 3395 2082 eqs.).

259 2100 566 2177 Interpres
605 2103 904 2165 Romanus
942 2106 1162 2191 saliare
1202 2123 1439 2166 carmen
1479 2105 1641 2181 (Lat.
1684 2109 1743 2182 2,
1764 2104 1905 2184 21),
1965 2123 2099 2167 cum
2137 2106 2329 2167 multa
2364 2105 2627 2166 carmina
2679 2106 2923 2167 saliaria
2963 2112 3199 2169 exstare
3237 2106 3400 2169 baud

254 2201 594 2284 ignoraret,
633 2203 906 2268 'reddere
962 2209 1156 2283 potuit
1211 2225 1324 2284 per
1378 2209 1672 2285 pluralem
1732 2210 1822 2269 ot-
1854 2211 2085 2268 σαλίων
2141 2208 2370 2287 ὕμνου
2423 2240 2499 2252 -
2562 2224 2628 2268 re
2687 2224 2832 2268 vera
2872 2208 3126 2288 Augusti
3189 2226 3401 2271 nomen

256 2306 318 2365 in
358 2324 535 2368 unum
575 2325 811 2368 carmen
866 2307 1175 2370 inclusum
1206 2319 1306 2371 est
1340 2343 1421 2355 —
1441 2355 1459 2387 ,
1523 2310 1822 2387 interpres
1860 2311 2162 2373 Romanus
2219 2312 2307 2373 ‘et
2363 2311 2672 2386 imperium
2725 2309 2868 2371 mihi
2923 2311 3106 2373 dedit’
3163 2318 3402 2376 vertere

253 2408 449 2484 potuit
485 2425 596 2485 per
633 2408 923 2487 (ῥάβδους
959 2409 1031 2472 τέ
1061 2432 1168 2489 μοι
1207 2412 1454 2473 ἔδωκεν
1493 2412 1657 2487 (Lat.
1705 2417 1814 2488 1,5
1843 2439 1921 2464 ===
1949 2411 2055 2474 Gr.
2101 2413 2257 2489 1,7),
2298 2419 2364 2474 et
2403 2429 2642 2474 censum
2682 2417 2749 2474 et
2784 2413 3039 2474 lustrum
3074 2433 3184 2491 per
3221 2431 3404 2477 unum

258 2510 607 2573 vocabulum
645 2512 1095 2591 ἀποτειμήσεως
1135 2515 1235 2589 (cf.
1263 2514 1399 2575 Lat,
1429 2517 1486 2590 2,
1507 2517 1543 2574 2
1585 2540 1663 2565 -ι
1705 2513 1810 2575 Gr.
1840 2521 2014 2590 4,11,
2052 2516 2120 2576 L.
2151 2520 2263 2593 2,3
2291 2541 2369 2566 -ι
2398 2513 2502 2576 Gr.
2531 2520 2590 2588 4,
2612 2518 2705 2588 12,
2745 2514 2815 2574 L.
2843 2518 2900 2588 2,
2928 2521 3001 2578 10
3026 2542 3103 2567 επ
3131 2516 3234 2578 Gr.
3267 2522 3323 2594 5,
3341 2517 3403 2596 1)

258 2617 456 2691 potuit
491 2616 777 2689 reddere,
818 2616 962 2678 item
997 2618 1333 2693 ‘Lupercal‘
1372 2634 1484 2694 per
1523 2618 1741 2688 Πανὸς
1780 2618 1950 2694 ἱερόν
1990 2618 2148 2692 (Lat.
2188 2621 2301 2691 4,2
2331 2643 2408 2669 ==
2436 2617 2541 2679 Gr.
2588 2622 2681 2691 10,
2701 2619 2787 2693 4).
2867 2617 3115 2679 Accedit
3152 2617 3406 2695 denique
3537 2613 3548 2623 '

259 2719 415 2796 quod
453 2720 749 2795 interpres
787 2716 1011 2796 publici
1059 2720 1349 2783 sermonis
1400 2723 1604 2797 graeci
1662 2737 1701 2782 a
1738 2720 2022 2782 Romanis
2071 2720 2345 2797 usurpati
2395 2737 2513 2782 non
2565 2721 2878 2796 imperitus
2934 2719 3066 2782 fuit.
3147 2719 3406 2784 Senatus
3486 2743 3568 2757 -·=

259 2824 317 2885 ei
356 2829 451 2885 est
488 2824 827 2902 σύνκλητος
847 2868 864 2899 ,
907 2822 1113 2885 consul
1147 2824 1381 2896 ὕπατος
1417 2841 1490 2885 ac
1531 2841 1607 2885 ne
1647 2825 1711 2885 in
1751 2825 1970 2886 ceteris
2010 2823 2250 2900 quidem
2288 2825 2747 2901 magistratuum
2785 2823 3180 2885 Romanorum
3220 2823 3405 2886 deno·

258 2926 679 2989 minationibus
735 2926 1053 3003 quidquam
1103 2927 1240 2988 novi
1297 2932 1403 2989 aut
1437 2927 1669 2989 insoliti
1720 2927 1880 2989 inest
1896 2972 1912 3001 ,
1973 2926 2131 3004 quod
2184 2927 2263 2988 de
2322 2926 2443 2988 alia
2495 2931 2678 3003 atquo
2717 2926 3115 2988 Romanorum
3172 2925 3408 2990 officina
3539 2912 3549 2921 ’

260 3031 524 3107 cogitare
563 3046 670 3091 nos
710 3035 902 3106 cogat.
981 3023 1295 3092 Barbas-ici
1333 3030 1517 3092 etiam
1558 3030 1647 3091 illi
1687 3030 1876 3092 dativi
1892 3075 1910 3104 ,
1965 3047 2113 3108 quos
2150 3029 2416 3092 nominat
2451 3028 2667 3091 Nissen
2680 3074 2699 3103 ,
2739 3029 2905 3091 velut
2941 3028 3046 3090 Gr.
3069 3035 3124 3103 1,
3138 3035 3175 3091 δ
3216 3030 3408 3092 ratu

261 3133 534 3213 Πά[νσ]α
573 3133 812 3212 [Amne
841 3132 1062 3212 Ἱρτίωι
1099 3133 1506 3214 ὑΜῶτψΒ,
1553 3139 1645 3211 16,
1673 3138 1745 3195 12
1787 3133 1957 3212 &pote
1980 3135 2205 3205 αἰσίοις
2228 3135 2478 3204 οἰωνοῖς
2503 3150 2618 3194 non
2642 3131 2990 3209 discrepant
3013 3148 3052 3193 a
3076 3137 3410 3196 ceterorum
4164 3152 4183 3187 ι
4440 3098 4446 3207 ff

260 3238 565 3301 titulorum
604 3237 837 3298 dicendi
869 3238 1119 3300 ratione.
1193 3240 1280 3301 Ac
1315 3257 1389 3301 ne
1425 3239 1601 3317 pauci
1641 3238 1879 3316 quidem
1913 3238 2000 3299 illi
2039 3238 2387 3314 interpretis
2426 3254 2661 3299 errores
2689 3253 2762 3298 ex
2786 3236 2985 3298 verbis
3008 3235 3215 3298 latinis
3251 3237 3409 3300 male

258 3342 581 3404 intellectis
616 3342 742 3402 nati
784 3347 991 3404 contra
1027 3341 1290 3404 Kaibelii
1344 3336 1708 3405 sententiam
1758 3342 2081 3421 pugnant⁴.
2162 3341 2227 3403 Si
2266 3341 2403 3403 Lat.
2445 3344 2502 3417 2,
2527 3344 2601 3401 12
2643 3340 2801 3401 ‘iam’
2844 3337 2922 3401 ab
2976 3339 3409 3402 ‘exolescentis’
4247 3340 4289 3361 ⁸
4412 3352 4421 3361 ·

261 3445 563 3523 disiunxit,
600 3444 735 3508 Lat.
757 3449 815 3523 2,
832 3451 902 3507 17
932 3447 1253 3523 ‘quattuor’
1281 3446 1356 3507 ad
1396 3446 1738 3522 genetivum
1771 3444 2187 3506 ‘sacerdotum’
2218 3444 2485 3520 rettulit,
2511 3445 2564 3505 si
2589 3441 2774 3505 verba
2798 3442 3245 3523 ‘Sarmatarm
3283 3443 3414 3522 q[ui
3702 3442 3719 3463 ³

261 3556 400 3612 sunt
439 3552 592 3637 citra
628 3548 867 3638 flquen
907 3549 1151 3610 Tanaim
1194 3548 1311 3627 [et]
1349 3550 1510 3610 ultra
1551 3548 1805 3627 reg[es]’
1847 3548 2002 3609 salso
2039 3547 2306 3609 reddidit
2343 3565 2453 3624 per
2472 3550 2816 3626 Σαρματῶν
2857 3547 2925 3609 ot
2957 3544 3201 3608 ἐπιτάδε
3239 3548 3414 3620 ὄντες

262 3662 375 3716 τοῦ
400 3654 702 3724 Τανάιδος
733 3632 1017 3730 ’ποταμοῦ
1052 3650 1154 3713 καὶ
1196 3652 1265 3713 οἱ
1296 3649 1493 3729 πέραν
1530 3648 1601 3713 δὲ
1636 3654 1914 3730 βασιλεῖς
1948 3651 2108 3729 (Lat.
2151 3655 2303 3725 mes
2344 3677 2421 3703 -κ
2463 3650 2568 3712 Gr.
2603 3648 2839 3728 16,19),
2879 3649 3012 3726 quis
3049 3666 3169 3711 non
3203 3666 3414 3712 conco·

262 3757 368 3819 dat
407 3775 480 3819 ex
517 3756 903 3834 neglegentia
938 3754 1285 3830 interpretis
1311 3755 1375 3818 id
1401 3772 1538 3817 esse
1571 3758 1797 3830 natum,
1834 3756 2192 3831 praesertim
2229 3771 2363 3816 cum
2401 3754 2558 3814 tales
2598 3747 2834 3815 errores
2874 3754 3057 3814 etiam
3092 3752 3156 3813 in
3197 3752 3416 3815 ceteris
3970 3816 3979 3821 .

263 3858 661 3920 Romanorum
717 3858 913 3918 titulis
973 3874 1194 3937 graece
1247 3858 1488 3935 scriptis
1540 3858 1935 3919 inveniantur.
2029 3857 2164 3918 Lat.
2206 3861 2264 3930 3,
2282 3861 2352 3918 17
2395 3861 2562 3918 recte
2617 3854 2855 3931 quidem
2895 3855 3224 3918 Mommsen
3262 3856 3415 3918 vidit
4430 3840 4442 3931 {

877 4051 1054 4061 ...ι-,οι-

499 4176 528 4228 1
590 4191 729 4246 opus
771 4173 1650 4245 nonestexbserecolligsre
1699 4172 2451 4246 iussuproconsulisAsise
2508 4171 3413 4245 versionemgrsecamesssfsc-

265 4260 395 4321 tam,
436 4250 535 4308 sed
573 4252 927 4309 verisimilius
965 4262 1051 4310 est
1088 4252 1335 4320 Galatas,
1376 4259 1443 4306 ut
1480 4254 1647 4307 etim
1685 4249 1837 4305 infra
1873 4249 2181 4323 explicabo,
2220 4249 2397 4306 filium
2435 4249 2554 4306 divi
2597 4251 2843 4324 Augusti
2882 4248 3098 4319 adiisse,
3136 4257 3202 4305 ut
3237 4251 3416 4323 pah-is

266 4346 355 4385 res
393 4339 578 4402 gestas
617 4331 755 4404 ipsis
794 4334 1135 4406 permitteret
1174 4333 1238 4386 in
1275 4328 1496 4403 templis
1534 4329 1782 4400 Augusti
1816 4326 2154 4383 incidendas.
2388 4329 2423 4382 2
2484 4326 2692 4384 Ksibel
2728 4335 2895 4401 putst
2931 4344 2997 4384 es
3034 4343 3153 4384 esse
3190 4334 3415 4400 sumpts

263 4425 334 4464 ex
359 4399 653 4481 'glossar-io.
736 4408 848 4465 8011
885 4426 1220 4484 quamquam
1259 4406 1331 4464 de
1365 4407 1454 4462 his
1490 4406 1630 4462 locis
1669 4405 1830 4461 aliter
1885 4407 2085 4474 sentio,
2137 4413 2323 4461 tamen
2372 4405 2549 4461 mults
2598 4422 2671 4461 ex
2709 4405 2978 4478 glossario
3032 4412 3255 4478 sumpts
3291 4420 3414 4461 esse

263 4495 410 4543 recte
446 4487 582 4542 mihi
619 4485 841 4543 videtur
878 4486 1084 4544 Kaibel
1125 4483 1483 4542 001²th
1558 4482 1655 4540 Ad
1694 4482 1948 4556 exempla
1995 4482 2174 4538 ab·eo
2214 4500 2270 4556 p.
2319 4483 2430 4538 199
2484 4483 2703 4539 conlata
2756 4500 2936 4557 pauca
2986 4480 3190 4538 oddae
3226 4481 3415 4539 liceat.

263 4563 496 4622 Rarior-a
534 4568 679 4622 enim
717 4564 1006 4633 vocabula,
1046 4574 1111 4622 ιιι
1149 4561 1565 4635 ἀναλαμβάνειν
1605 4559 1727 4632 (Gr.
1769 4561 1935 4632 9‚12)
1972 4578 2074 4633 pro
2111 4559 2284 4616 verbo
2320 4559 2567 4630 iuvandi,
2607 4557 2903 4632 ἀνεγείρειν
2943 4558 3068 4632 (Gr.
3094 4561 3186 4628 11,
3205 4556 3305 4634 18)
3346 4558 3419 4617 ds

265 4642 527 4700 aedificiis
569 4641 947 4699 construendis
989 4642 1082 4715 (cf.
1123 4641 1232 4697 Ios.
1271 4641 1403 4696 Ant.
1437 4637 1561 4695 Iud.
1591 4637 1653 4693 X
1674 4641 1766 4706 11,
1788 4639 1851 4708 9)
1890 4637 2111 4712 aliaque
2146 4639 2422 4712 interpres
2468 4656 2581 4695 non
2619 4636 2690 4694 de
2727 4655 2863 4706 suo,
2901 4635 3000 4693 sed
3037 4654 3110 4693 ex
3148 4637 3420 4710 glomi-lo

263 4721 502 4795 quodam
541 4720 763 4778 videtur
812 4722 1130 4794 sumpsisse.
1459 4719 1496 4773 8
1555 4715 1833 4773 Guilelmo
1884 4715 2110 4790 Msyero
2162 4715 2269 4771 hoc
2318 4714 2507 4773 debeo.
2799 4718 2838 4770 4
2896 4714 3149 4789 exmpls
3187 4714 3422 4771 eontulit

223 4799 228 4804 ’
261 4799 564 4856 Mommsen
602 4818 660 4874 p.
705 4799 835 4853 197.
