<?xml version="1.0" encoding="UTF-8"?>
<!DOCTYPE html PUBLIC "-//W3C//DTD XHTML 1.0 Transitional//EN"
    "http://www.w3.org/TR/xhtml1/DTD/xhtml1-transitional.dtd">
<html xmlns="http://www.w3.org/1999/xhtml" xml:lang="en" lang="en">
 <head>
  <title>
</title>
<meta http-equiv="Content-Type" content="text/html;charset=utf-8" />
  <meta name='ocr-system' content='tesseract 3.04.00' />
  <meta name='ocr-capabilities' content='ocr_page ocr_carea ocr_par ocr_line ocrx_word'/>
</head>
<body>
  <div class='ocr_page' id='page_1' title='image "./sermograecusquo00unkngoog_0137.png"; bbox 0 0 4459 6067; ppageno 0'>
   <div class='ocr_carea' id='block_1_1' title="bbox 2377 795 2492 852">
    <p class='ocr_par' dir='ltr' id='par_1_1' title="bbox 2377 795 2492 852">
     <span class='ocr_line' id='line_1_1' title="bbox 2377 795 2492 852; baseline 0 0"><span class='ocrx_word' id='word_1_1' title='bbox 2377 795 2492 852; x_wconf 72' lang='lat'><strong>114</strong></span> 
     </span>
    </p>
   </div>
   <div class='ocr_carea' id='block_1_2' title="bbox 853 894 4123 1129">
    <p class='ocr_par' dir='ltr' id='par_1_2' title="bbox 853 894 4123 1129">
     <span class='ocr_line' id='line_1_2' title="bbox 853 894 4123 1041; baseline -0.001 -31.95"><span class='ocrx_word' id='word_1_2' title='bbox 853 894 1193 1025; x_wconf 61' lang='lat' dir='ltr'><strong>peonius.</strong></span> <span class='ocrx_word' id='word_1_3' title='bbox 1271 899 1545 1008; x_wconf 68' lang='grc' dir='ltr'>ιουοιὶω</span> <span class='ocrx_word' id='word_1_4' title='bbox 1581 947 1952 1041; x_wconf 59' lang='lat' dir='ltr'><strong>ammae</strong></span> <span class='ocrx_word' id='word_1_5' title='bbox 1986 944 2210 1007; x_wconf 63' lang='lat' dir='ltr'><strong>essem</strong></span> <span class='ocrx_word' id='word_1_6' title='bbox 2246 943 2438 1007; x_wconf 70' lang='lat' dir='ltr'><strong>titulis</strong></span> <span class='ocrx_word' id='word_1_7' title='bbox 2487 943 2840 1007; x_wconf 59' lang='lat' dir='ltr'><strong>derantur.</strong></span> <span class='ocrx_word' id='word_1_8' title='bbox 2934 944 3155 1006; x_wconf 70' lang='lat' dir='ltr'><strong>lisdem</strong></span> <span class='ocrx_word' id='word_1_9' title='bbox 3213 943 3467 1007; x_wconf 70' lang='lat' dir='ltr'><strong>formula</strong></span> <span class='ocrx_word' id='word_1_10' title='bbox 3521 944 3739 1027; x_wconf 62' lang='lat' dir='ltr'><strong>:do-w</strong></span> <span class='ocrx_word' id='word_1_11' title='bbox 3795 945 4016 1025; x_wconf 61' lang='grc' dir='ltr'>φιιιωῡ</span> <span class='ocrx_word' id='word_1_12' title='bbox 4106 899 4123 909; x_wconf 62' lang='grc'>’</span> 
     </span>
     <span class='ocr_line' id='line_1_3' title="bbox 901 1046 2272 1129; baseline 0 -19"><span class='ocrx_word' id='word_1_13' title='bbox 901 1050 1248 1129; x_wconf 60' lang='grc' dir='ltr'><strong><em>συμμαχίαν</em></strong></span> <span class='ocrx_word' id='word_1_14' title='bbox 1281 1069 1349 1109; x_wconf 74' lang='grc' dir='ltr'><strong>τε</strong></span> <span class='ocrx_word' id='word_1_15' title='bbox 1385 1046 1802 1110; x_wconf 71' lang='grc' dir='ltr'><strong><em>ἀνενεώσαντο</em></strong></span> <span class='ocrx_word' id='word_1_16' title='bbox 1839 1046 2272 1125; x_wconf 77' lang='lat' dir='ltr'><strong>comprobatur.</strong></span> 
     </span>
    </p>
   </div>
   <div class='ocr_carea' id='block_1_3' title="bbox 1137 1149 4339 1230">
    <p class='ocr_par' dir='ltr' id='par_1_3' title="bbox 1137 1149 4339 1254">
     <span class='ocr_line' id='line_1_4' title="bbox 1137 1149 4339 1230; baseline 0 -16"><span class='ocrx_word' id='word_1_17' title='bbox 1137 1151 2325 1230; x_wconf 51' lang='lat' dir='ltr'><strong>sa-Qutexeiaquaedisputavi,</strong></span> <span class='ocrx_word' id='word_1_18' title='bbox 2371 1150 3064 1229; x_wconf 86' lang='lat' dir='ltr'><strong>iampotestintellegi,</strong></span> <span class='ocrx_word' id='word_1_19' title='bbox 3102 1149 4021 1214; x_wconf 82' lang='lat' dir='ltr'><strong>maximetribuendasuntlo·</strong></span> <span class='ocrx_word' id='word_1_20' title='bbox 4332 1218 4339 1225; x_wconf 68' lang='grc'><strong>,</strong></span> 
     </span>
    </p>
   </div>
   <div class='ocr_carea' id='block_1_4' title="bbox 899 1252 4022 1644">
    <p class='ocr_par' dir='ltr' id='par_1_4' title="bbox 899 1252 4022 1644">
     <span class='ocr_line' id='line_1_5' title="bbox 904 1252 4022 1333; baseline -0.001 -15"><span class='ocrx_word' id='word_1_21' title='bbox 904 1256 1091 1333; x_wconf 86' lang='lat' dir='ltr'><strong>sepho</strong></span> <span class='ocrx_word' id='word_1_22' title='bbox 1129 1260 1194 1318; x_wconf 89' lang='lat' dir='ltr'><strong>et</strong></span> <span class='ocrx_word' id='word_1_23' title='bbox 1232 1256 1360 1317; x_wconf 89' lang='lat' dir='ltr'><strong>eius</strong></span> <span class='ocrx_word' id='word_1_24' title='bbox 1398 1255 1657 1332; x_wconf 89' lang='lat' dir='ltr'><strong>auctori,</strong></span> <span class='ocrx_word' id='word_1_25' title='bbox 1693 1271 1842 1332; x_wconf 83' lang='lat' dir='ltr'><strong>quos</strong></span> <span class='ocrx_word' id='word_1_26' title='bbox 1877 1260 1947 1317; x_wconf 89' lang='lat' dir='ltr'><strong>ut</strong></span> <span class='ocrx_word' id='word_1_27' title='bbox 1984 1254 2296 1328; x_wconf 78' lang='lat' dir='ltr'><strong>formulas,</strong></span> <span class='ocrx_word' id='word_1_28' title='bbox 2352 1253 2441 1315; x_wconf 86' lang='lat' dir='ltr'><strong>ita</strong></span> <span class='ocrx_word' id='word_1_29' title='bbox 2495 1254 2674 1316; x_wconf 89' lang='lat' dir='ltr'><strong>etiam</strong></span> <span class='ocrx_word' id='word_1_30' title='bbox 2712 1258 2917 1315; x_wconf 87' lang='lat' dir='ltr'><strong>cetera</strong></span> <span class='ocrx_word' id='word_1_31' title='bbox 2952 1254 3278 1316; x_wconf 74' lang='lat' dir='ltr'><strong>mutavisse</strong></span> <span class='ocrx_word' id='word_1_32' title='bbox 3315 1270 3486 1315; x_wconf 89' lang='lat' dir='ltr'><strong>nemo</strong></span> <span class='ocrx_word' id='word_1_33' title='bbox 3525 1252 3789 1332; x_wconf 82' lang='lat' dir='ltr'><strong>negabit.</strong></span> <span class='ocrx_word' id='word_1_34' title='bbox 3871 1253 4022 1332; x_wconf 84' lang='lat' dir='ltr'><strong>Spe·</strong></span> 
     </span>
     <span class='ocr_line' id='line_1_6' title="bbox 902 1354 4008 1438; baseline -0.001 -17"><span class='ocrx_word' id='word_1_35' title='bbox 902 1358 1055 1422; x_wconf 88' lang='lat' dir='ltr'><strong>ciem</strong></span> <span class='ocrx_word' id='word_1_36' title='bbox 1091 1358 1331 1438; x_wconf 88' lang='lat' dir='ltr'><strong>genuini</strong></span> <span class='ocrx_word' id='word_1_37' title='bbox 1368 1357 1596 1420; x_wconf 84' lang='lat' dir='ltr'><strong>decreti</strong></span> <span class='ocrx_word' id='word_1_38' title='bbox 1632 1357 1778 1420; x_wconf 82' lang='lat' dir='ltr'><strong>dare</strong></span> <span class='ocrx_word' id='word_1_39' title='bbox 1816 1355 2127 1420; x_wconf 74' lang='lat' dir='ltr'><strong>studebam</strong></span> <span class='ocrx_word' id='word_1_40' title='bbox 2143 1401 2161 1431; x_wconf 92' lang='lat'><strong>,</strong></span> <span class='ocrx_word' id='word_1_41' title='bbox 2213 1373 2565 1433; x_wconf 82' lang='lat' dir='ltr'><strong>quamquam</strong></span> <span class='ocrx_word' id='word_1_42' title='bbox 2614 1354 2896 1418; x_wconf 84' lang='lat' dir='ltr'><strong>confiteor</strong></span> <span class='ocrx_word' id='word_1_43' title='bbox 2931 1356 3170 1423; x_wconf 83' lang='lat' dir='ltr'><strong>minime</strong></span> <span class='ocrx_word' id='word_1_44' title='bbox 3208 1356 3419 1419; x_wconf 89' lang='lat' dir='ltr'><strong>omnia</strong></span> <span class='ocrx_word' id='word_1_45' title='bbox 3441 1354 3595 1418; x_wconf 88' lang='lat' dir='ltr'><strong>bene</strong></span> <span class='ocrx_word' id='word_1_46' title='bbox 3631 1356 3779 1417; x_wconf 88' lang='lat' dir='ltr'><strong>mihi</strong></span> <span class='ocrx_word' id='word_1_47' title='bbox 3816 1354 4008 1418; x_wconf 82' lang='lat' dir='ltr'><strong>videri</strong></span> 
     </span>
     <span class='ocr_line' id='line_1_7' title="bbox 899 1459 4008 1541; baseline -0.001 -17"><span class='ocrx_word' id='word_1_48' title='bbox 899 1461 1200 1524; x_wconf 86' lang='lat' dir='ltr'><strong>restituta.</strong></span> <span class='ocrx_word' id='word_1_49' title='bbox 1276 1459 1369 1523; x_wconf 78' lang='lat' dir='ltr'><strong>Ne</strong></span> <span class='ocrx_word' id='word_1_50' title='bbox 1408 1460 1485 1524; x_wconf 88' lang='lat' dir='ltr'><strong>de</strong></span> <span class='ocrx_word' id='word_1_51' title='bbox 1522 1461 1772 1541; x_wconf 85' lang='lat' dir='ltr'><strong>singulis</strong></span> <span class='ocrx_word' id='word_1_52' title='bbox 1808 1459 1988 1523; x_wconf 86' lang='lat' dir='ltr'><strong>rebus</strong></span> <span class='ocrx_word' id='word_1_53' title='bbox 2037 1460 2333 1537; x_wconf 71' lang='lat' dir='ltr'><strong>copiosius</strong></span> <span class='ocrx_word' id='word_1_54' title='bbox 2385 1459 2700 1534; x_wconf 72' lang='lat' dir='ltr'><strong>disseram,</strong></span> <span class='ocrx_word' id='word_1_55' title='bbox 2752 1459 2970 1522; x_wconf 89' lang='lat' dir='ltr'><strong>iniuria</strong></span> <span class='ocrx_word' id='word_1_56' title='bbox 3009 1459 3424 1522; x_wconf 78' lang='lat' dir='ltr'><strong>Mendelssohn</strong></span> <span class='ocrx_word' id='word_1_57' title='bbox 3479 1459 3706 1536; x_wconf 88' lang='lat' dir='ltr'><strong>optima</strong></span> <span class='ocrx_word' id='word_1_58' title='bbox 3743 1459 4008 1527; x_wconf 84' lang='lat' dir='ltr'><strong>Palatini</strong></span> 
     </span>
     <span class='ocr_line' id='line_1_8' title="bbox 901 1560 4010 1644; baseline -0 -18"><span class='ocrx_word' id='word_1_59' title='bbox 901 1565 1159 1627; x_wconf 87' lang='lat' dir='ltr'><strong>lectione</strong></span> <span class='ocrx_word' id='word_1_60' title='bbox 1197 1565 1302 1627; x_wconf 76' lang='grc' dir='ltr'>διὰ</span> <span class='ocrx_word' id='word_1_61' title='bbox 1336 1572 1446 1644; x_wconf 68' lang='grc' dir='ltr'><strong>τῆς</strong></span> <span class='ocrx_word' id='word_1_62' title='bbox 1478 1565 1680 1644; x_wconf 68' lang='grc' dir='ltr'><strong><em>χώρας</em></strong></span> <span class='ocrx_word' id='word_1_63' title='bbox 1714 1571 1824 1643; x_wconf 68' lang='grc' dir='ltr'><strong>τῆς</strong></span> <span class='ocrx_word' id='word_1_64' title='bbox 1857 1563 2059 1625; x_wconf 69' lang='grc' dir='ltr'><strong><em>αὐτῶν</em></strong></span> <span class='ocrx_word' id='word_1_65' title='bbox 2095 1560 2198 1623; x_wconf 71' lang='grc' dir='ltr'><strong>καὶ</strong></span> <span class='ocrx_word' id='word_1_66' title='bbox 2234 1571 2359 1624; x_wconf 71' lang='grc' dir='ltr'><strong>τῶν</strong></span> <span class='ocrx_word' id='word_1_67' title='bbox 2411 1562 2701 1641; x_wconf 70' lang='grc' dir='ltr'><strong><em>ὑπηκόων</em></strong></span> <span class='ocrx_word' id='word_1_68' title='bbox 2751 1562 2957 1624; x_wconf 69' lang='grc' dir='ltr'><strong><em>αὐτῶν</em></strong></span> <span class='ocrx_word' id='word_1_69' title='bbox 3013 1562 3239 1625; x_wconf 86' lang='lat' dir='ltr'><strong>reiecta</strong></span> <span class='ocrx_word' id='word_1_70' title='bbox 3279 1561 3730 1624; x_wconf 73' lang='lat' dir='ltr'><strong>Ambrosianum</strong></span> <span class='ocrx_word' id='word_1_71' title='bbox 3762 1561 4010 1625; x_wconf 85' lang='lat' dir='ltr'><strong>Vossia-</strong></span> 
     </span>
    </p>
   </div>
   <div class='ocr_carea' id='block_1_5' title="bbox 889 1663 3222 1745">
    <p class='ocr_par' dir='ltr' id='par_1_5' title="bbox 889 1663 3222 1745">
     <span class='ocr_line' id='line_1_9' title="bbox 889 1663 3222 1745; baseline -0.002 -15"><span class='ocrx_word' id='word_1_72' title='bbox 889 1682 1046 1731; x_wconf 90' lang='lat' dir='ltr'><strong>·num</strong></span> <span class='ocrx_word' id='word_1_73' title='bbox 1081 1667 1434 1730; x_wconf 76' lang='lat' dir='ltr'><strong>Leidensem</strong></span> <span class='ocrx_word' id='word_1_74' title='bbox 1470 1672 1711 1730; x_wconf 88' lang='lat' dir='ltr'><strong>secutus</strong></span> <span class='ocrx_word' id='word_1_75' title='bbox 1747 1666 1833 1738; x_wconf 67' lang='grc' dir='ltr'><strong>ὃς</strong></span> <span class='ocrx_word' id='word_1_76' title='bbox 1867 1665 2154 1745; x_wconf 71' lang='grc' dir='ltr'><strong><em>ὑπηκόων</em></strong></span> <span class='ocrx_word' id='word_1_77' title='bbox 2188 1683 2301 1744; x_wconf 88' lang='lat' dir='ltr'><strong>pro</strong></span> <span class='ocrx_word' id='word_1_78' title='bbox 2337 1663 2440 1727; x_wconf 77' lang='grc' dir='ltr'><strong>καὶ</strong></span> <span class='ocrx_word' id='word_1_79' title='bbox 2474 1675 2600 1728; x_wconf 69' lang='grc' dir='ltr'><strong>τῶν</strong></span> <span class='ocrx_word' id='word_1_80' title='bbox 2633 1665 2925 1745; x_wconf 78' lang='grc' dir='ltr'><strong><em>ὑπηκόων</em></strong></span> <span class='ocrx_word' id='word_1_81' title='bbox 2963 1666 3222 1744; x_wconf 79' lang='lat' dir='ltr'><strong>scripsit.</strong></span> 
     </span>
    </p>
   </div>
   <div class='ocr_carea' id='block_1_6' title="bbox 1138 1719 4012 1850">
    <p class='ocr_par' dir='ltr' id='par_1_6' title="bbox 1138 1719 4012 1850">
     <span class='ocr_line' id='line_1_10' title="bbox 1138 1719 4012 1850; baseline -0 -16"><span class='ocrx_word' id='word_1_82' title='bbox 1138 1772 1209 1834; x_wconf 93' lang='lat' dir='ltr'><strong>1n</strong></span> <span class='ocrx_word' id='word_1_83' title='bbox 1246 1778 1421 1850; x_wconf 84' lang='lat' dir='ltr'><strong>parte</strong></span> <span class='ocrx_word' id='word_1_84' title='bbox 1454 1772 1518 1835; x_wconf 92' lang='lat'><strong>11</strong></span> <span class='ocrx_word' id='word_1_85' title='bbox 1557 1777 1588 1834; x_wconf 90' lang='lat'>1</span> <span class='ocrx_word' id='word_1_86' title='bbox 1650 1771 1932 1833; x_wconf 79' lang='lat' dir='ltr'><strong>formulas</strong></span> <span class='ocrx_word' id='word_1_87' title='bbox 1969 1770 2386 1834; x_wconf 87' lang='lat' dir='ltr'><strong>usitatissimas</strong></span> <span class='ocrx_word' id='word_1_88' title='bbox 2424 1771 2691 1848; x_wconf 87' lang='lat' dir='ltr'><strong>restitui,</strong></span> <span class='ocrx_word' id='word_1_89' title='bbox 2746 1769 2962 1833; x_wconf 90' lang='lat' dir='ltr'><strong>deinde</strong></span> <span class='ocrx_word' id='word_1_90' title='bbox 2987 1770 3200 1831; x_wconf 88' lang='lat' dir='ltr'><strong>miram</strong></span> <span class='ocrx_word' id='word_1_91' title='bbox 3238 1769 3536 1848; x_wconf 82' lang='lat' dir='ltr'><strong>quandam</strong></span> <span class='ocrx_word' id='word_1_92' title='bbox 3592 1719 4012 1846; x_wconf 82' lang='lat' dir='ltr'><strong>confusionem,</strong></span> 
     </span>
    </p>
   </div>
   <div class='ocr_carea' id='block_1_7' title="bbox 885 1872 4014 1956">
    <p class='ocr_par' dir='ltr' id='par_1_7' title="bbox 885 1872 4014 1956">
     <span class='ocr_line' id='line_1_11' title="bbox 885 1872 4014 1956; baseline -0.003 -15"><span class='ocrx_word' id='word_1_93' title='bbox 885 1893 1056 1956; x_wconf 59' lang='lat' dir='ltr'><strong>quae</strong></span> <span class='ocrx_word' id='word_1_94' title='bbox 1092 1878 1154 1939; x_wconf 93' lang='lat'><strong>11</strong></span> <span class='ocrx_word' id='word_1_95' title='bbox 1190 1881 1229 1939; x_wconf 78' lang='lat'><em>2</em></span> <span class='ocrx_word' id='word_1_96' title='bbox 1268 1882 1332 1940; x_wconf 77' lang='lat' dir='ltr'><strong>et</strong></span> <span class='ocrx_word' id='word_1_97' title='bbox 1371 1881 1410 1940; x_wconf 78' lang='grc'><strong>8</strong></span> <span class='ocrx_word' id='word_1_98' title='bbox 1448 1881 1673 1952; x_wconf 69' lang='lat' dir='ltr'><strong>exstat,</strong></span> <span class='ocrx_word' id='word_1_99' title='bbox 1712 1875 1941 1939; x_wconf 81' lang='lat' dir='ltr'><strong>sustuli.</strong></span> <span class='ocrx_word' id='word_1_100' title='bbox 2018 1874 2103 1937; x_wconf 80' lang='lat' dir='ltr'><strong>Ut</strong></span> <span class='ocrx_word' id='word_1_101' title='bbox 2138 1874 2399 1937; x_wconf 79' lang='lat' dir='ltr'><strong>breviter</strong></span> <span class='ocrx_word' id='word_1_102' title='bbox 2438 1874 2658 1949; x_wconf 83' lang='lat' dir='ltr'><strong>dicam,</strong></span> <span class='ocrx_word' id='word_1_103' title='bbox 2696 1872 2880 1936; x_wconf 78' lang='lat' dir='ltr'><strong>verba</strong></span> <span class='ocrx_word' id='word_1_104' title='bbox 2920 1873 3085 1946; x_wconf 70' lang='grc' dir='ltr'><strong>ὅπως</strong></span> <span class='ocrx_word' id='word_1_105' title='bbox 3120 1872 3198 1935; x_wconf 71' lang='grc' dir='ltr'><strong>ἂν</strong></span> <span class='ocrx_word' id='word_1_106' title='bbox 3236 1875 3326 1945; x_wconf 73' lang='grc' dir='ltr'><strong>εἰς</strong></span> <span class='ocrx_word' id='word_1_107' title='bbox 3361 1874 3477 1952; x_wconf 75' lang='grc' dir='ltr'><strong>τὴν</strong></span> <span class='ocrx_word' id='word_1_108' title='bbox 3514 1874 3748 1936; x_wconf 73' lang='grc' dir='ltr'><strong><em>οἰκείαν</em></strong></span> <span class='ocrx_word' id='word_1_109' title='bbox 3786 1872 4014 1953; x_wconf 75' lang='grc' dir='ltr'><strong><em>(ἄσφα-</em></strong></span> 
     </span>
    </p>
   </div>
   <div class='ocr_carea' id='block_1_8' title="bbox 903 1976 4020 2473">
    <p class='ocr_par' dir='ltr' id='par_1_8' title="bbox 903 1976 4020 2473">
     <span class='ocr_line' id='line_1_12' title="bbox 907 1976 4016 2059; baseline -0.001 -16"><span class='ocrx_word' id='word_1_110' title='bbox 907 1982 1055 2059; x_wconf 69' lang='grc' dir='ltr'><strong><em>λῶο)</em></strong></span> <span class='ocrx_word' id='word_1_111' title='bbox 1095 1979 1494 2043; x_wconf 64' lang='grc' dir='ltr'><strong><em>ἐπανέλθοιεν</em></strong></span> <span class='ocrx_word' id='word_1_112' title='bbox 1545 1979 1879 2043; x_wconf 85' lang='lat' dir='ltr'><strong>necessario</strong></span> <span class='ocrx_word' id='word_1_113' title='bbox 1914 1978 2222 2055; x_wconf 88' lang='lat' dir='ltr'><strong>requirunt</strong></span> <span class='ocrx_word' id='word_1_114' title='bbox 2257 1977 2439 2040; x_wconf 80' lang='lat' dir='ltr'><strong>verba</strong></span> <span class='ocrx_word' id='word_1_115' title='bbox 2475 1977 2791 2057; x_wconf 73' lang='grc' dir='ltr'><strong>γράμματα</strong></span> <span class='ocrx_word' id='word_1_116' title='bbox 2827 1979 2986 2058; x_wconf 70' lang='grc' dir='ltr'><strong><em>πρός</em></strong></span> <span class='ocrx_word' id='word_1_117' title='bbox 3022 1998 3088 2039; x_wconf 74' lang='grc' dir='ltr'><strong>τε</strong></span> <span class='ocrx_word' id='word_1_118' title='bbox 3123 1980 3398 2056; x_wconf 65' lang='grc' dir='ltr'><strong>βασιλεῖς</strong></span> <span class='ocrx_word' id='word_1_119' title='bbox 3432 1976 3536 2039; x_wconf 71' lang='grc' dir='ltr'><strong>καὶ</strong></span> <span class='ocrx_word' id='word_1_120' title='bbox 3575 1979 3809 2057; x_wconf 66' lang='grc' dir='ltr'><strong><em>δήμους</em></strong></span> <span class='ocrx_word' id='word_1_121' title='bbox 3846 1976 4016 2040; x_wconf 68' lang='grc' dir='ltr'><strong><em>ἔλευ-</em></strong></span> 
     </span>
     <span class='ocr_line' id='line_1_13' title="bbox 903 2066 4020 2162; baseline -0 -17"><span class='ocrx_word' id='word_1_122' title='bbox 903 2081 1151 2161; x_wconf 63' lang='grc' dir='ltr'><strong><em>θόοους,</em></strong></span> <span class='ocrx_word' id='word_1_123' title='bbox 1186 2088 1258 2145; x_wconf 96' lang='grc' dir='ltr'><strong>ιιι</strong></span> <span class='ocrx_word' id='word_1_124' title='bbox 1294 2100 1368 2146; x_wconf 83' lang='lat' dir='ltr'><strong>ex</strong></span> <span class='ocrx_word' id='word_1_125' title='bbox 1402 2081 1599 2146; x_wconf 80' lang='lat' dir='ltr'><strong>verbis</strong></span> <span class='ocrx_word' id='word_1_126' title='bbox 1635 2081 1664 2143; x_wconf 90' lang='lat'>1</span> <span class='ocrx_word' id='word_1_127' title='bbox 1702 2087 1740 2144; x_wconf 82' lang='lat'><strong>3</strong></span> <span class='ocrx_word' id='word_1_128' title='bbox 1779 2084 2167 2162; x_wconf 74' lang='lat' dir='ltr'><strong>cognoscitur.</strong></span> <span class='ocrx_word' id='word_1_129' title='bbox 2246 2080 2399 2144; x_wconf 83' lang='lat' dir='ltr'><strong>Nam</strong></span> <span class='ocrx_word' id='word_1_130' title='bbox 2434 2081 2742 2157; x_wconf 71' lang='lat' dir='ltr'><strong>pecuniam</strong></span> <span class='ocrx_word' id='word_1_131' title='bbox 2779 2079 2913 2142; x_wconf 87' lang='lat' dir='ltr'><strong>dari</strong></span> <span class='ocrx_word' id='word_1_132' title='bbox 2948 2081 3206 2158; x_wconf 85' lang='lat' dir='ltr'><strong>Iudaeis,</strong></span> <span class='ocrx_word' id='word_1_133' title='bbox 3244 2087 3313 2143; x_wconf 92' lang='lat' dir='ltr'><strong>ut</strong></span> <span class='ocrx_word' id='word_1_134' title='bbox 3351 2081 3549 2144; x_wconf 89' lang='lat' dir='ltr'><strong>redire</strong></span> <span class='ocrx_word' id='word_1_135' title='bbox 3588 2086 3832 2158; x_wconf 82' lang='lat' dir='ltr'><strong>possent</strong></span> <span class='ocrx_word' id='word_1_136' title='bbox 3848 2126 3873 2156; x_wconf 71' lang='lat'><strong>,</strong></span> <span class='ocrx_word' id='word_1_137' title='bbox 3904 2066 4020 2144; x_wconf 81' lang='lat' dir='ltr'><strong>hoc</strong></span> 
     </span>
     <span class='ocr_line' id='line_1_14' title="bbox 907 2183 4010 2273; baseline -0.001 -23"><span class='ocrx_word' id='word_1_138' title='bbox 907 2187 985 2251; x_wconf 83' lang='lat' dir='ltr'><strong>ab</strong></span> <span class='ocrx_word' id='word_1_139' title='bbox 1020 2188 1136 2250; x_wconf 92' lang='lat' dir='ltr'><strong>hoc</strong></span> <span class='ocrx_word' id='word_1_140' title='bbox 1170 2187 1303 2249; x_wconf 92' lang='lat' dir='ltr'><strong>loco</strong></span> <span class='ocrx_word' id='word_1_141' title='bbox 1338 2187 1517 2263; x_wconf 86' lang='lat' dir='ltr'><strong>plane</strong></span> <span class='ocrx_word' id='word_1_142' title='bbox 1554 2186 1813 2248; x_wconf 87' lang='lat' dir='ltr'><strong>alienum</strong></span> <span class='ocrx_word' id='word_1_143' title='bbox 1848 2192 1976 2248; x_wconf 86' lang='lat' dir='ltr'><strong>est.-</strong></span> <span class='ocrx_word' id='word_1_144' title='bbox 2036 2185 2189 2247; x_wconf 82' lang='lat' dir='ltr'><strong>Nam</strong></span> <span class='ocrx_word' id='word_1_145' title='bbox 2228 2185 2522 2261; x_wconf 81' lang='lat' dir='ltr'><strong>expressis</strong></span> <span class='ocrx_word' id='word_1_146' title='bbox 2558 2183 2755 2246; x_wconf 80' lang='lat' dir='ltr'><strong>verbis</strong></span> <span class='ocrx_word' id='word_1_147' title='bbox 2793 2189 2972 2273; x_wconf 82' lang='lat' dir='ltr'><strong>antea</strong></span> <span class='ocrx_word' id='word_1_148' title='bbox 3012 2183 3235 2246; x_wconf 87' lang='lat' dir='ltr'><strong>dictum</strong></span> <span class='ocrx_word' id='word_1_149' title='bbox 3272 2190 3367 2247; x_wconf 87' lang='lat' dir='ltr'><strong>est</strong></span> <span class='ocrx_word' id='word_1_150' title='bbox 3380 2229 3398 2261; x_wconf 91' lang='lat'><strong>,</strong></span> <span class='ocrx_word' id='word_1_151' title='bbox 3449 2189 3520 2246; x_wconf 91' lang='lat' dir='ltr'><strong>ut</strong></span> <span class='ocrx_word' id='word_1_152' title='bbox 3553 2184 3805 2246; x_wconf 81' lang='lat' dir='ltr'><strong>Romani</strong></span> <span class='ocrx_word' id='word_1_153' title='bbox 3844 2184 4010 2247; x_wconf 88' lang='lat' dir='ltr'><strong>litte·</strong></span> 
     </span>
     <span class='ocr_line' id='line_1_15' title="bbox 904 2287 4012 2368; baseline -0.001 -15"><span class='ocrx_word' id='word_1_154' title='bbox 904 2308 1009 2354; x_wconf 82' lang='lat' dir='ltr'><strong>ras</strong></span> <span class='ocrx_word' id='word_1_155' title='bbox 1046 2289 1260 2352; x_wconf 77' lang='lat' dir='ltr'><strong>darent</strong></span> <span class='ocrx_word' id='word_1_156' title='bbox 1294 2290 1646 2352; x_wconf 90' lang='lat' dir='ltr'><strong>Iudaeorum</strong></span> <span class='ocrx_word' id='word_1_157' title='bbox 1680 2289 1898 2366; x_wconf 83' lang='lat' dir='ltr'><strong>legatis</strong></span> <span class='ocrx_word' id='word_1_158' title='bbox 1933 2288 2163 2351; x_wconf 85' lang='lat' dir='ltr'><strong>reditus</strong></span> <span class='ocrx_word' id='word_1_159' title='bbox 2201 2304 2397 2351; x_wconf 83' lang='lat' dir='ltr'><strong>causa.</strong></span> <span class='ocrx_word' id='word_1_160' title='bbox 2476 2287 2641 2361; x_wconf 79' lang='lat' dir='ltr'><strong>Quae</strong></span> <span class='ocrx_word' id='word_1_161' title='bbox 2676 2305 2812 2350; x_wconf 90' lang='lat' dir='ltr'><strong>cum</strong></span> <span class='ocrx_word' id='word_1_162' title='bbox 2846 2288 2937 2349; x_wconf 88' lang='lat' dir='ltr'><strong>ita</strong></span> <span class='ocrx_word' id='word_1_163' title='bbox 2974 2288 3115 2365; x_wconf 88' lang='lat' dir='ltr'><strong>sint,</strong></span> <span class='ocrx_word' id='word_1_164' title='bbox 3150 2289 3425 2368; x_wconf 70' lang='grc' dir='ltr'><strong><em>χρήματα</em></strong></span> <span class='ocrx_word' id='word_1_165' title='bbox 3461 2288 3599 2364; x_wconf 88' lang='lat' dir='ltr'><strong>illa,</strong></span> <span class='ocrx_word' id='word_1_166' title='bbox 3658 2304 3814 2365; x_wconf 82' lang='lat' dir='ltr'><strong>quae</strong></span> <span class='ocrx_word' id='word_1_167' title='bbox 3852 2287 4012 2350; x_wconf 84' lang='lat' dir='ltr'><strong>Fan-</strong></span> 
     </span>
     <span class='ocr_line' id='line_1_16' title="bbox 903 2390 4007 2473; baseline -0 -16"><span class='ocrx_word' id='word_1_168' title='bbox 903 2396 1038 2457; x_wconf 86' lang='lat' dir='ltr'><strong>nius</strong></span> <span class='ocrx_word' id='word_1_169' title='bbox 1074 2394 1313 2457; x_wconf 87' lang='lat' dir='ltr'><strong>Iudaeis</strong></span> <span class='ocrx_word' id='word_1_170' title='bbox 1346 2392 1584 2456; x_wconf 84' lang='lat' dir='ltr'><strong>iubetur</strong></span> <span class='ocrx_word' id='word_1_171' title='bbox 1622 2392 1784 2471; x_wconf 90' lang='lat' dir='ltr'><strong>dare,</strong></span> <span class='ocrx_word' id='word_1_172' title='bbox 1819 2390 1985 2467; x_wconf 72' lang='grc' dir='ltr'>ξένια</span> <span class='ocrx_word' id='word_1_173' title='bbox 2019 2392 2422 2473; x_wconf 87' lang='lat' dir='ltr'><strong>intellegenda</strong></span> <span class='ocrx_word' id='word_1_174' title='bbox 2458 2399 2613 2466; x_wconf 88' lang='lat' dir='ltr'><strong>sunt,</strong></span> <span class='ocrx_word' id='word_1_175' title='bbox 2651 2408 2805 2470; x_wconf 78' lang='lat' dir='ltr'><strong>quse</strong></span> <span class='ocrx_word' id='word_1_176' title='bbox 2842 2392 3064 2471; x_wconf 87' lang='lat' dir='ltr'><strong>legatis</strong></span> <span class='ocrx_word' id='word_1_177' title='bbox 3102 2392 3405 2454; x_wconf 87' lang='lat' dir='ltr'><strong>nationum</strong></span> <span class='ocrx_word' id='word_1_178' title='bbox 3444 2397 3781 2455; x_wconf 86' lang='lat' dir='ltr'><strong>exterarum</strong></span> <span class='ocrx_word' id='word_1_179' title='bbox 3819 2410 3861 2456; x_wconf 87' lang='lat' dir='ltr'><strong>a</strong></span> <span class='ocrx_word' id='word_1_180' title='bbox 3886 2393 4007 2456; x_wconf 85' lang='lat' dir='ltr'><strong>Ro-</strong></span> 
     </span>
    </p>
   </div>
   <div class='ocr_carea' id='block_1_9' title="bbox 904 2494 4143 2574">
    <p class='ocr_par' dir='ltr' id='par_1_9' title="bbox 904 2494 4143 2574">
     <span class='ocr_line' id='line_1_17' title="bbox 904 2494 4143 2574; baseline -0 -14"><span class='ocrx_word' id='word_1_181' title='bbox 904 2498 1096 2560; x_wconf 88' lang='lat' dir='ltr'><strong>manis</strong></span> <span class='ocrx_word' id='word_1_182' title='bbox 1146 2496 1280 2560; x_wconf 86' lang='lat' dir='ltr'><strong>dari</strong></span> <span class='ocrx_word' id='word_1_183' title='bbox 1335 2495 1621 2560; x_wconf 85' lang='lat' dir='ltr'><strong>solebant.</strong></span> <span class='ocrx_word' id='word_1_184' title='bbox 1727 2495 1914 2569; x_wconf 80' lang='lat' dir='ltr'><strong>Quam</strong></span> <span class='ocrx_word' id='word_1_185' title='bbox 1980 2512 2170 2558; x_wconf 86' lang='lat' dir='ltr'><strong>meam</strong></span> <span class='ocrx_word' id='word_1_186' title='bbox 2221 2496 2727 2558; x_wconf 72' lang='lat' dir='ltr'><strong>ratiocinationem</strong></span> <span class='ocrx_word' id='word_1_187' title='bbox 2790 2511 2994 2558; x_wconf 82' lang='lat' dir='ltr'><strong>veram</strong></span> <span class='ocrx_word' id='word_1_188' title='bbox 3057 2511 3192 2558; x_wconf 88' lang='lat' dir='ltr'><strong>esse</strong></span> <span class='ocrx_word' id='word_1_189' title='bbox 3243 2494 3381 2556; x_wconf 90' lang='lat' dir='ltr'><strong>inde</strong></span> <span class='ocrx_word' id='word_1_190' title='bbox 3448 2497 3643 2558; x_wconf 91' lang='lat' dir='ltr'><strong>elucet</strong></span> <span class='ocrx_word' id='word_1_191' title='bbox 3658 2541 3678 2571; x_wconf 90' lang='lat'><strong>,</strong></span> <span class='ocrx_word' id='word_1_192' title='bbox 3734 2496 3895 2574; x_wconf 83' lang='lat' dir='ltr'><strong>quod</strong></span> <span class='ocrx_word' id='word_1_193' title='bbox 3953 2496 4020 2559; x_wconf 90' lang='lat' dir='ltr'><strong>in</strong></span> <span class='ocrx_word' id='word_1_194' title='bbox 4138 2532 4143 2537; x_wconf 91' lang='lat'><em>-</em></span> 
     </span>
    </p>
   </div>
   <div class='ocr_carea' id='block_1_10' title="bbox 903 2599 4011 2785">
    <p class='ocr_par' dir='ltr' id='par_1_10' title="bbox 903 2599 4011 2785">
     <span class='ocr_line' id='line_1_18' title="bbox 903 2599 4008 2679; baseline -0 -16"><span class='ocrx_word' id='word_1_195' title='bbox 903 2607 1078 2679; x_wconf 83' lang='lat' dir='ltr'><strong>parte</strong></span> <span class='ocrx_word' id='word_1_196' title='bbox 1112 2601 1173 2663; x_wconf 92' lang='lat'><strong>11</strong></span> <span class='ocrx_word' id='word_1_197' title='bbox 1210 2599 1366 2679; x_wconf 87' lang='lat' dir='ltr'><strong>apud</strong></span> <span class='ocrx_word' id='word_1_198' title='bbox 1401 2601 1717 2677; x_wconf 86' lang='lat' dir='ltr'><strong>Iosephum</strong></span> <span class='ocrx_word' id='word_1_199' title='bbox 1753 2600 1990 2663; x_wconf 87' lang='lat' dir='ltr'><strong>litterae</strong></span> <span class='ocrx_word' id='word_1_200' title='bbox 2028 2599 2546 2663; x_wconf 83' lang='lat' dir='ltr'><strong>commendaticiae</strong></span> <span class='ocrx_word' id='word_1_201' title='bbox 2582 2599 2816 2661; x_wconf 87' lang='lat' dir='ltr'><strong>omnino</strong></span> <span class='ocrx_word' id='word_1_202' title='bbox 2854 2615 2973 2660; x_wconf 89' lang='lat' dir='ltr'><strong>non</strong></span> <span class='ocrx_word' id='word_1_203' title='bbox 3009 2604 3502 2662; x_wconf 86' lang='lat' dir='ltr'><strong>commemoratae</strong></span> <span class='ocrx_word' id='word_1_204' title='bbox 3543 2605 3701 2662; x_wconf 88' lang='lat' dir='ltr'><strong>suut.</strong></span> <span class='ocrx_word' id='word_1_205' title='bbox 3777 2600 4008 2662; x_wconf 84' lang='lat' dir='ltr'><strong>Eadem</strong></span> 
     </span>
     <span class='ocr_line' id='line_1_19' title="bbox 903 2701 4011 2785; baseline 0 -17"><span class='ocrx_word' id='word_1_206' title='bbox 903 2705 1011 2768; x_wconf 85' lang='lat' dir='ltr'><strong>illa</strong></span> <span class='ocrx_word' id='word_1_207' title='bbox 1048 2704 1312 2768; x_wconf 74' lang='lat' dir='ltr'><strong>confusio</strong></span> <span class='ocrx_word' id='word_1_208' title='bbox 1364 2705 1543 2767; x_wconf 86' lang='lat' dir='ltr'><strong>etiam</strong></span> <span class='ocrx_word' id='word_1_209' title='bbox 1595 2704 1658 2766; x_wconf 87' lang='lat' dir='ltr'><strong>in</strong></span> <span class='ocrx_word' id='word_1_210' title='bbox 1711 2702 1894 2767; x_wconf 80' lang='lat' dir='ltr'><strong>verbs</strong></span> <span class='ocrx_word' id='word_1_211' title='bbox 1954 2720 2106 2781; x_wconf 85' lang='lat' dir='ltr'><strong>quse</strong></span> <span class='ocrx_word' id='word_1_212' title='bbox 2168 2709 2491 2782; x_wconf 86' lang='lat' dir='ltr'><strong>sequuntur</strong></span> <span class='ocrx_word' id='word_1_213' title='bbox 2544 2703 2804 2765; x_wconf 84' lang='lat' dir='ltr'><strong>transiit.</strong></span> <span class='ocrx_word' id='word_1_214' title='bbox 2904 2701 3060 2765; x_wconf 79' lang='lat' dir='ltr'><strong>Nam</strong></span> <span class='ocrx_word' id='word_1_215' title='bbox 3098 2709 3350 2780; x_wconf 87' lang='lat' dir='ltr'><strong>apparet</strong></span> <span class='ocrx_word' id='word_1_216' title='bbox 3384 2702 3451 2765; x_wconf 91' lang='lat' dir='ltr'><strong>in</strong></span> <span class='ocrx_word' id='word_1_217' title='bbox 3486 2702 3603 2766; x_wconf 83' lang='lat' dir='ltr'><strong>fine</strong></span> <span class='ocrx_word' id='word_1_218' title='bbox 3642 2705 4011 2785; x_wconf 76' lang='lat' dir='ltr'><strong>paragraphi</strong></span> 
     </span>
    </p>
   </div>
   <div class='ocr_carea' id='block_1_11' title="bbox 904 2805 4010 2993">
    <p class='ocr_par' dir='ltr' id='par_1_11' title="bbox 904 2805 4010 2993">
     <span class='ocr_line' id='line_1_20' title="bbox 904 2805 4010 2889; baseline -0.001 -17"><span class='ocrx_word' id='word_1_219' title='bbox 904 2816 1044 2889; x_wconf 89' lang='lat' dir='ltr'><strong>post</strong></span> <span class='ocrx_word' id='word_1_220' title='bbox 1078 2808 1262 2873; x_wconf 80' lang='lat' dir='ltr'><strong>verba</strong></span> <span class='ocrx_word' id='word_1_221' title='bbox 1298 2806 1401 2870; x_wconf 77' lang='grc' dir='ltr'><strong>καὶ</strong></span> <span class='ocrx_word' id='word_1_222' title='bbox 1437 2809 1634 2888; x_wconf 73' lang='grc' dir='ltr'><strong><em>δόγμα</em></strong></span> <span class='ocrx_word' id='word_1_223' title='bbox 1670 2810 2014 2887; x_wconf 70' lang='grc' dir='ltr'><strong><em>συγκλήτου</em></strong></span> <span class='ocrx_word' id='word_1_224' title='bbox 2049 2807 2424 2872; x_wconf 84' lang='lat' dir='ltr'><strong>scribendum</strong></span> <span class='ocrx_word' id='word_1_225' title='bbox 2486 2825 2618 2871; x_wconf 83' lang='lat' dir='ltr'><strong>esse</strong></span> <span class='ocrx_word' id='word_1_226' title='bbox 2668 2805 2771 2869; x_wconf 77' lang='grc' dir='ltr'><strong>καὶ</strong></span> <span class='ocrx_word' id='word_1_227' title='bbox 2824 2807 3143 2886; x_wconf 70' lang='grc' dir='ltr'><strong>γράμματα</strong></span> <span class='ocrx_word' id='word_1_228' title='bbox 3180 2808 3337 2888; x_wconf 71' lang='grc' dir='ltr'><strong>πρὸς</strong></span> <span class='ocrx_word' id='word_1_229' title='bbox 3368 2810 3516 2880; x_wconf 72' lang='grc' dir='ltr'><strong><em>τοὺς</em></strong></span> <span class='ocrx_word' id='word_1_230' title='bbox 3552 2807 4010 2888; x_wconf 69' lang='grc' dir='ltr'><strong>διαπέμψοντας</strong></span> 
     </span>
     <span class='ocr_line' id='line_1_21' title="bbox 906 2910 2559 2993; baseline -0.001 -1"><span class='ocrx_word' id='word_1_231' title='bbox 906 2911 1009 2975; x_wconf 69' lang='grc' dir='ltr'><strong>καὶ</strong></span> <span class='ocrx_word' id='word_1_232' title='bbox 1046 2912 1289 2993; x_wconf 62' lang='grc' dir='ltr'><strong>ἀσφαλῆ</strong></span> <span class='ocrx_word' id='word_1_233' title='bbox 1325 2910 1771 2991; x_wconf 60' lang='lat' dir='ltr'><strong>noeoetofflove</strong></span> <span class='ocrx_word' id='word_1_234' title='bbox 1805 2913 1922 2991; x_wconf 74' lang='grc' dir='ltr'><strong>τὴν</strong></span> <span class='ocrx_word' id='word_1_235' title='bbox 1956 2913 2161 2974; x_wconf 61' lang='lat' dir='ltr'><strong>olm&amp;</strong></span> <span class='ocrx_word' id='word_1_236' title='bbox 2198 2913 2559 2991; x_wconf 60' lang='lat' dir='ltr'><strong>mmmm.</strong></span> 
     </span>
    </p>
   </div>
   <div class='ocr_carea' id='block_1_12' title="bbox 1140 3011 4139 3098">
    <p class='ocr_par' dir='ltr' id='par_1_12' title="bbox 1140 3011 4139 3098">
     <span class='ocr_line' id='line_1_22' title="bbox 1140 3011 4139 3098; baseline 0 -18"><span class='ocrx_word' id='word_1_237' title='bbox 1140 3017 1397 3080; x_wconf 77' lang='lat' dir='ltr'><strong>Foucart</strong></span> <span class='ocrx_word' id='word_1_238' title='bbox 1411 3017 1432 3053; x_wconf 86' lang='lat'><strong>¹</strong></span> <span class='ocrx_word' id='word_1_239' title='bbox 1482 3033 1556 3079; x_wconf 82' lang='lat' dir='ltr'><strong>ex</strong></span> <span class='ocrx_word' id='word_1_240' title='bbox 1603 3015 1956 3078; x_wconf 77' lang='lat' dir='ltr'><strong>dictionibus</strong></span> <span class='ocrx_word' id='word_1_241' title='bbox 2004 3017 2164 3087; x_wconf 76' lang='lat' dir='ltr'><strong>velut</strong></span> <span class='ocrx_word' id='word_1_242' title='bbox 2212 3016 2449 3094; x_wconf 79' lang='grc' dir='ltr'><strong><em>βουλὴν</em></strong></span> <span class='ocrx_word' id='word_1_243' title='bbox 2498 3018 2835 3094; x_wconf 71' lang='grc' dir='ltr'><strong><em>συνήγαγε,</em></strong></span> <span class='ocrx_word' id='word_1_244' title='bbox 2898 3016 3205 3093; x_wconf 72' lang='grc' dir='ltr'><strong><em>παρόντος</em></strong></span> <span class='ocrx_word' id='word_1_245' title='bbox 3238 3024 3353 3078; x_wconf 75' lang='grc' dir='ltr'><strong><em>τοῦ</em></strong></span> <span class='ocrx_word' id='word_1_246' title='bbox 3389 3016 3565 3078; x_wconf 73' lang='grc' dir='ltr'><strong><em>δεῖνα</em></strong></span> <span class='ocrx_word' id='word_1_247' title='bbox 3601 3034 3711 3095; x_wconf 86' lang='lat' dir='ltr'><strong>pro</strong></span> <span class='ocrx_word' id='word_1_248' title='bbox 3747 3025 3825 3098; x_wconf 70' lang='grc' dir='ltr'><strong>τῇ</strong></span> <span class='ocrx_word' id='word_1_249' title='bbox 3861 3033 4015 3098; x_wconf 70' lang='grc' dir='ltr'><strong><em>συγ-</em></strong></span> <span class='ocrx_word' id='word_1_250' title='bbox 4110 3011 4139 3018; x_wconf 71' lang='grc'><strong>“’</strong></span> 
     </span>
    </p>
   </div>
   <div class='ocr_carea' id='block_1_13' title="bbox 904 3117 4012 3204">
    <p class='ocr_par' dir='ltr' id='par_1_13' title="bbox 904 3117 4012 3204">
     <span class='ocr_line' id='line_1_23' title="bbox 904 3117 4012 3204; baseline 0.002 -23"><span class='ocrx_word' id='word_1_251' title='bbox 904 3122 1104 3202; x_wconf 77' lang='grc' dir='ltr'><strong><em>πλητφ</em></strong></span> <span class='ocrx_word' id='word_1_252' title='bbox 1140 3120 1658 3199; x_wconf 66' lang='grc' dir='ltr'><strong><em>συνεβουλεύσατο</em></strong></span> <span class='ocrx_word' id='word_1_253' title='bbox 1698 3117 2158 3204; x_wconf 36' lang='grc' dir='ltr'>ιιι-γραφομένῳ</span> <span class='ocrx_word' id='word_1_254' title='bbox 2194 3128 2475 3198; x_wconf 73' lang='grc' dir='ltr'><strong><em>παρῆσαν</em></strong></span> <span class='ocrx_word' id='word_1_255' title='bbox 2510 3119 2902 3200; x_wconf 89' lang='lat' dir='ltr'><strong>colligendum</strong></span> <span class='ocrx_word' id='word_1_256' title='bbox 2941 3136 3075 3181; x_wconf 90' lang='lat' dir='ltr'><strong>esse</strong></span> <span class='ocrx_word' id='word_1_257' title='bbox 3112 3119 3365 3196; x_wconf 86' lang='lat' dir='ltr'><strong>putabat</strong></span> <span class='ocrx_word' id='word_1_258' title='bbox 3404 3137 3557 3195; x_wconf 89' lang='lat' dir='ltr'><strong>eum,</strong></span> <span class='ocrx_word' id='word_1_259' title='bbox 3596 3123 3696 3199; x_wconf 86' lang='lat' dir='ltr'><strong>qui</strong></span> <span class='ocrx_word' id='word_1_260' title='bbox 3735 3128 4012 3187; x_wconf 88' lang='lat' dir='ltr'><strong>senatus-</strong></span> 
     </span>
    </p>
   </div>
   <div class='ocr_carea' id='block_1_14' title="bbox 872 3214 4161 3406">
    <p class='ocr_par' dir='ltr' id='par_1_14' title="bbox 872 3214 4161 3406">
     <span class='ocr_line' id='line_1_24' title="bbox 872 3214 4161 3323; baseline 0.001 -36"><span class='ocrx_word' id='word_1_261' title='bbox 872 3314 880 3323; x_wconf 33' lang='lat'><strong>·</strong></span> <span class='ocrx_word' id='word_1_262' title='bbox 909 3225 1238 3288; x_wconf 90' lang='lat' dir='ltr'><strong>consultum</strong></span> <span class='ocrx_word' id='word_1_263' title='bbox 1274 3223 1703 3301; x_wconf 83' lang='lat' dir='ltr'><strong>descripsisset,</strong></span> <span class='ocrx_word' id='word_1_264' title='bbox 1742 3223 2038 3300; x_wconf 83' lang='lat' dir='ltr'><strong>exemplar</strong></span> <span class='ocrx_word' id='word_1_265' title='bbox 2062 3224 2332 3302; x_wconf 88' lang='lat' dir='ltr'><strong>latinum,</strong></span> <span class='ocrx_word' id='word_1_266' title='bbox 2370 3241 2486 3286; x_wconf 89' lang='lat' dir='ltr'><strong>uon</strong></span> <span class='ocrx_word' id='word_1_267' title='bbox 2523 3240 2804 3304; x_wconf 88' lang='lat' dir='ltr'><strong>graecum</strong></span> <span class='ocrx_word' id='word_1_268' title='bbox 2841 3227 2982 3286; x_wconf 89' lang='lat' dir='ltr'><strong>ante</strong></span> <span class='ocrx_word' id='word_1_269' title='bbox 3020 3224 3220 3285; x_wconf 88' lang='lat' dir='ltr'><strong>oculos</strong></span> <span class='ocrx_word' id='word_1_270' title='bbox 3254 3223 3557 3287; x_wconf 85' lang='lat' dir='ltr'><strong>habuisse.</strong></span> <span class='ocrx_word' id='word_1_271' title='bbox 3636 3225 3844 3304; x_wconf 77' lang='lat' dir='ltr'><strong>Neque</strong></span> <span class='ocrx_word' id='word_1_272' title='bbox 3869 3246 4016 3299; x_wconf 82' lang='lat' dir='ltr'><strong>vero</strong></span> <span class='ocrx_word' id='word_1_273' title='bbox 4136 3214 4161 3234; x_wconf 52' lang='grc'>“</span> 
     </span>
     <span class='ocr_line' id='line_1_25' title="bbox 907 3322 4014 3406; baseline 0.001 -16"><span class='ocrx_word' id='word_1_274' title='bbox 907 3328 1172 3406; x_wconf 80' lang='lat' dir='ltr'><strong>singulae</strong></span> <span class='ocrx_word' id='word_1_275' title='bbox 1207 3332 1442 3390; x_wconf 88' lang='lat' dir='ltr'><strong>tantum</strong></span> <span class='ocrx_word' id='word_1_276' title='bbox 1475 3327 1766 3389; x_wconf 85' lang='lat' dir='ltr'><strong>dictiones</strong></span> <span class='ocrx_word' id='word_1_277' title='bbox 1803 3327 2159 3390; x_wconf 88' lang='lat' dir='ltr'><strong>dissentiunt</strong></span> <span class='ocrx_word' id='word_1_278' title='bbox 2196 3345 2235 3390; x_wconf 88' lang='lat' dir='ltr'><strong>a</strong></span> <span class='ocrx_word' id='word_1_279' title='bbox 2271 3327 2502 3405; x_wconf 87' lang='lat' dir='ltr'><strong>publico</strong></span> <span class='ocrx_word' id='word_1_280' title='bbox 2540 3344 2809 3391; x_wconf 85' lang='lat' dir='ltr'><strong>sermone</strong></span> <span class='ocrx_word' id='word_1_281' title='bbox 2847 3343 3061 3405; x_wconf 89' lang='lat' dir='ltr'><strong>graeco</strong></span> <span class='ocrx_word' id='word_1_282' title='bbox 3079 3327 3494 3406; x_wconf 87' lang='lat' dir='ltr'><strong>Romanorum,</strong></span> <span class='ocrx_word' id='word_1_283' title='bbox 3535 3329 3644 3391; x_wconf 88' lang='lat' dir='ltr'><strong>sed</strong></span> <span class='ocrx_word' id='word_1_284' title='bbox 3683 3336 3876 3393; x_wconf 90' lang='lat' dir='ltr'><strong>totum</strong></span> <span class='ocrx_word' id='word_1_285' title='bbox 3915 3322 4014 3394; x_wconf 81' lang='lat' dir='ltr'><strong>se-</strong></span> 
     </span>
    </p>
   </div>
   <div class='ocr_carea' id='block_1_15' title="bbox 903 3430 4017 4342">
    <p class='ocr_par' dir='ltr' id='par_1_15' title="bbox 903 3430 4017 4342">
     <span class='ocr_line' id='line_1_26' title="bbox 903 3430 4017 3509; baseline 0.001 -14"><span class='ocrx_word' id='word_1_286' title='bbox 903 3431 1412 3496; x_wconf 87' lang='lat' dir='ltr'><strong>natusconsultum</strong></span> <span class='ocrx_word' id='word_1_287' title='bbox 1467 3432 1766 3493; x_wconf 88' lang='lat' dir='ltr'><strong>concisum</strong></span> <span class='ocrx_word' id='word_1_288' title='bbox 1820 3436 2300 3509; x_wconf 86' lang='lat' dir='ltr'><strong>contractumque</strong></span> <span class='ocrx_word' id='word_1_289' title='bbox 2353 3438 2418 3494; x_wconf 92' lang='lat' dir='ltr'><strong>et</strong></span> <span class='ocrx_word' id='word_1_290' title='bbox 2470 3431 2546 3493; x_wconf 85' lang='lat' dir='ltr'><strong>ab</strong></span> <span class='ocrx_word' id='word_1_291' title='bbox 2604 3448 2675 3494; x_wconf 87' lang='lat' dir='ltr'><strong>eo</strong></span> <span class='ocrx_word' id='word_1_292' title='bbox 2689 3477 2706 3509; x_wconf 92' lang='lat'><strong>,</strong></span> <span class='ocrx_word' id='word_1_293' title='bbox 2767 3431 2867 3508; x_wconf 86' lang='lat' dir='ltr'><strong>qui</strong></span> <span class='ocrx_word' id='word_1_294' title='bbox 2925 3430 3270 3508; x_wconf 82' lang='lat' dir='ltr'><strong>descripsit,</strong></span> <span class='ocrx_word' id='word_1_295' title='bbox 3343 3432 3407 3493; x_wconf 87' lang='lat' dir='ltr'><strong>in</strong></span> <span class='ocrx_word' id='word_1_296' title='bbox 3453 3449 3626 3493; x_wconf 90' lang='lat' dir='ltr'><strong>suum</strong></span> <span class='ocrx_word' id='word_1_297' title='bbox 3683 3449 4017 3498; x_wconf 90' lang='lat' dir='ltr'><strong>sermonem</strong></span> 
     </span>
     <span class='ocr_line' id='line_1_27' title="bbox 905 3533 4015 3615; baseline 0 -15"><span class='ocrx_word' id='word_1_298' title='bbox 905 3537 1258 3600; x_wconf 89' lang='lat' dir='ltr'><strong>translatum</strong></span> <span class='ocrx_word' id='word_1_299' title='bbox 1310 3541 1421 3598; x_wconf 88' lang='lat' dir='ltr'><strong>est.</strong></span> <span class='ocrx_word' id='word_1_300' title='bbox 1499 3536 1709 3612; x_wconf 81' lang='lat' dir='ltr'><strong>ltaque</strong></span> <span class='ocrx_word' id='word_1_301' title='bbox 1744 3534 2020 3598; x_wconf 86' lang='lat' dir='ltr'><strong>Foucartl</strong></span> <span class='ocrx_word' id='word_1_302' title='bbox 2073 3535 2458 3612; x_wconf 81' lang='lat' dir='ltr'><strong>explicatione</strong></span> <span class='ocrx_word' id='word_1_303' title='bbox 2512 3552 2660 3612; x_wconf 90' lang='lat' dir='ltr'><strong>opus</strong></span> <span class='ocrx_word' id='word_1_304' title='bbox 2695 3551 2812 3597; x_wconf 88' lang='lat' dir='ltr'><strong>non</strong></span> <span class='ocrx_word' id='word_1_305' title='bbox 2851 3540 2964 3597; x_wconf 86' lang='lat' dir='ltr'><strong>est.</strong></span> <span class='ocrx_word' id='word_1_306' title='bbox 3065 3534 3250 3597; x_wconf 90' lang='lat' dir='ltr'><strong>Immo</strong></span> <span class='ocrx_word' id='word_1_307' title='bbox 3286 3535 3435 3596; x_wconf 87' lang='lat' dir='ltr'><strong>nihil</strong></span> <span class='ocrx_word' id='word_1_308' title='bbox 3489 3533 3723 3615; x_wconf 85' lang='lat' dir='ltr'><strong>obstat,</strong></span> <span class='ocrx_word' id='word_1_309' title='bbox 3785 3554 3863 3611; x_wconf 83' lang='lat' dir='ltr'><strong>ne</strong></span> <span class='ocrx_word' id='word_1_310' title='bbox 3899 3538 4015 3601; x_wconf 92' lang='lat' dir='ltr'><strong>hoc</strong></span> 
     </span>
     <span class='ocr_line' id='line_1_28' title="bbox 905 3638 4015 3719; baseline 0 -16"><span class='ocrx_word' id='word_1_311' title='bbox 905 3640 1472 3703; x_wconf 73' lang='lat' dir='ltr'><strong>sensuisconsultum</strong></span> <span class='ocrx_word' id='word_1_312' title='bbox 1522 3655 1596 3701; x_wconf 83' lang='lat' dir='ltr'><strong>ex</strong></span> <span class='ocrx_word' id='word_1_313' title='bbox 1631 3655 1849 3717; x_wconf 86' lang='lat' dir='ltr'><strong>graeco</strong></span> <span class='ocrx_word' id='word_1_314' title='bbox 1888 3638 2206 3715; x_wconf 83' lang='lat' dir='ltr'><strong>exemplari</strong></span> <span class='ocrx_word' id='word_1_315' title='bbox 2242 3638 2604 3716; x_wconf 87' lang='lat' dir='ltr'><strong>descriptum</strong></span> <span class='ocrx_word' id='word_1_316' title='bbox 2648 3654 2783 3701; x_wconf 89' lang='lat' dir='ltr'><strong>esse</strong></span> <span class='ocrx_word' id='word_1_317' title='bbox 2833 3644 3139 3717; x_wconf 88' lang='lat' dir='ltr'><strong>putemus,</strong></span> <span class='ocrx_word' id='word_1_318' title='bbox 3198 3639 3358 3717; x_wconf 83' lang='lat' dir='ltr'><strong>quod</strong></span> <span class='ocrx_word' id='word_1_319' title='bbox 3421 3640 3604 3702; x_wconf 85' lang='lat' dir='ltr'><strong>etiam</strong></span> <span class='ocrx_word' id='word_1_320' title='bbox 3662 3639 3739 3703; x_wconf 88' lang='lat' dir='ltr'><strong>de</strong></span> <span class='ocrx_word' id='word_1_321' title='bbox 3792 3643 4015 3719; x_wconf 77' lang='lat' dir='ltr'><strong>ceteris</strong></span> 
     </span>
     <span class='ocr_line' id='line_1_29' title="bbox 907 3741 4014 3821; baseline 0 -14"><span class='ocrx_word' id='word_1_322' title='bbox 907 3744 1194 3821; x_wconf 88' lang='lat' dir='ltr'><strong>decretis,</strong></span> <span class='ocrx_word' id='word_1_323' title='bbox 1230 3760 1383 3821; x_wconf 82' lang='lat' dir='ltr'><strong>quae</strong></span> <span class='ocrx_word' id='word_1_324' title='bbox 1416 3742 1702 3819; x_wconf 80' lang='lat' dir='ltr'><strong>Iosephus</strong></span> <span class='ocrx_word' id='word_1_325' title='bbox 1740 3759 1813 3804; x_wconf 84' lang='lat' dir='ltr'><strong>ex</strong></span> <span class='ocrx_word' id='word_1_326' title='bbox 1848 3741 2091 3805; x_wconf 83' lang='lat' dir='ltr'><strong>Nicolao</strong></span> <span class='ocrx_word' id='word_1_327' title='bbox 2129 3743 2493 3806; x_wconf 86' lang='lat' dir='ltr'><strong>Damasceno</strong></span> <span class='ocrx_word' id='word_1_328' title='bbox 2531 3744 2810 3820; x_wconf 86' lang='lat' dir='ltr'><strong>sumpsit,</strong></span> <span class='ocrx_word' id='word_1_329' title='bbox 2846 3759 2956 3819; x_wconf 90' lang='lat' dir='ltr'><strong>pro</strong></span> <span class='ocrx_word' id='word_1_330' title='bbox 2994 3749 3162 3805; x_wconf 88' lang='lat' dir='ltr'><strong>certo</strong></span> <span class='ocrx_word' id='word_1_331' title='bbox 3201 3742 3629 3805; x_wconf 81' lang='lat' dir='ltr'><strong>adfirmandum</strong></span> <span class='ocrx_word' id='word_1_332' title='bbox 3668 3749 3777 3806; x_wconf 85' lang='lat' dir='ltr'><strong>est.</strong></span> <span class='ocrx_word' id='word_1_333' title='bbox 3857 3744 4014 3809; x_wconf 80' lang='lat' dir='ltr'><strong>Nam</strong></span> 
     </span>
     <span class='ocr_line' id='line_1_30' title="bbox 905 3845 4017 3926; baseline 0 -16"><span class='ocrx_word' id='word_1_334' title='bbox 905 3852 1325 3925; x_wconf 84' lang='lat' dir='ltr'><strong>praeterquam</strong></span> <span class='ocrx_word' id='word_1_335' title='bbox 1361 3846 1517 3924; x_wconf 82' lang='lat' dir='ltr'><strong>quod</strong></span> <span class='ocrx_word' id='word_1_336' title='bbox 1554 3863 1671 3908; x_wconf 88' lang='lat' dir='ltr'><strong>non</strong></span> <span class='ocrx_word' id='word_1_337' title='bbox 1707 3846 2045 3926; x_wconf 89' lang='lat' dir='ltr'><strong>ignoramus</strong></span> <span class='ocrx_word' id='word_1_338' title='bbox 2082 3845 2389 3909; x_wconf 84' lang='lat' dir='ltr'><strong>Nicolaum</strong></span> <span class='ocrx_word' id='word_1_339' title='bbox 2426 3846 2668 3909; x_wconf 86' lang='lat' dir='ltr'><strong>decreta</strong></span> <span class='ocrx_word' id='word_1_340' title='bbox 2714 3846 3025 3924; x_wconf 86' lang='lat' dir='ltr'><strong>collegisse</strong></span> <span class='ocrx_word' id='word_1_341' title='bbox 3065 3863 3138 3908; x_wconf 84' lang='lat' dir='ltr'><strong>ex</strong></span> <span class='ocrx_word' id='word_1_342' title='bbox 3175 3845 3490 3910; x_wconf 85' lang='lat' dir='ltr'><strong>tabulariis</strong></span> <span class='ocrx_word' id='word_1_343' title='bbox 3526 3847 3779 3924; x_wconf 87' lang='lat' dir='ltr'><strong>publicis</strong></span> <span class='ocrx_word' id='word_1_344' title='bbox 3818 3849 4017 3911; x_wconf 88' lang='lat' dir='ltr'><strong>orien-</strong></span> 
     </span>
     <span class='ocr_line' id='line_1_31' title="bbox 906 3949 4013 4041; baseline 0 -27"><span class='ocrx_word' id='word_1_345' title='bbox 906 3952 1024 4031; x_wconf 91' lang='lat' dir='ltr'><strong>tis,</strong></span> <span class='ocrx_word' id='word_1_346' title='bbox 1072 3952 1174 4030; x_wconf 83' lang='lat' dir='ltr'><strong>qui</strong></span> <span class='ocrx_word' id='word_1_347' title='bbox 1210 3950 1453 4014; x_wconf 92' lang='lat' dir='ltr'><strong>decreta</strong></span> <span class='ocrx_word' id='word_1_348' title='bbox 1490 3949 1672 4027; x_wconf 90' lang='lat' dir='ltr'><strong>apud·</strong></span> <span class='ocrx_word' id='word_1_349' title='bbox 1685 3951 1998 4028; x_wconf 90' lang='lat' dir='ltr'><strong>Iosephum</strong></span> <span class='ocrx_word' id='word_1_350' title='bbox 2031 3951 2389 4031; x_wconf 86' lang='lat' dir='ltr'><strong>perlegerit,</strong></span> <span class='ocrx_word' id='word_1_351' title='bbox 2447 3950 2624 4014; x_wconf 79' lang='lat' dir='ltr'><strong>facile</strong></span> <span class='ocrx_word' id='word_1_352' title='bbox 2660 3950 2948 4014; x_wconf 88' lang='lat' dir='ltr'><strong>concedet</strong></span> <span class='ocrx_word' id='word_1_353' title='bbox 2984 3968 3060 4014; x_wconf 91' lang='lat' dir='ltr'><strong>ea</strong></span> <span class='ocrx_word' id='word_1_354' title='bbox 3096 3950 3174 4014; x_wconf 87' lang='lat' dir='ltr'><strong>ad</strong></span> <span class='ocrx_word' id='word_1_355' title='bbox 3213 3968 3437 4031; x_wconf 86' lang='lat' dir='ltr'><strong>graeca</strong></span> <span class='ocrx_word' id='word_1_356' title='bbox 3475 3952 3873 4041; x_wconf 82' lang='lat' dir='ltr'><strong>Romanorum</strong></span> <span class='ocrx_word' id='word_1_357' title='bbox 3909 3970 4013 4015; x_wconf 83' lang='lat' dir='ltr'><strong>ex-</strong></span> 
     </span>
     <span class='ocr_line' id='line_1_32' title="bbox 907 4032 4012 4135; baseline 0 -17"><span class='ocrx_word' id='word_1_358' title='bbox 907 4055 1192 4133; x_wconf 86' lang='lat' dir='ltr'><strong>emplaris</strong></span> <span class='ocrx_word' id='word_1_359' title='bbox 1227 4055 1443 4117; x_wconf 84' lang='lat' dir='ltr'><strong>redire.</strong></span> <span class='ocrx_word' id='word_1_360' title='bbox 1547 4054 1763 4122; x_wconf 70' lang='lat' dir='ltr'><strong>Paucis</strong></span> <span class='ocrx_word' id='word_1_361' title='bbox 1797 4055 2187 4133; x_wconf 83' lang='lat' dir='ltr'><strong>perstringam</strong></span> <span class='ocrx_word' id='word_1_362' title='bbox 2225 4055 2795 4118; x_wconf 88' lang='lat' dir='ltr'><strong>senatusconsultum</strong></span> <span class='ocrx_word' id='word_1_363' title='bbox 2829 4054 2972 4116; x_wconf 84' lang='lat' dir='ltr'><strong>XIV</strong></span> <span class='ocrx_word' id='word_1_364' title='bbox 3002 4059 3094 4129; x_wconf 85' lang='lat'><strong>10,</strong></span> <span class='ocrx_word' id='word_1_365' title='bbox 3122 4058 3197 4116; x_wconf 81' lang='lat'><strong>22</strong></span> <span class='ocrx_word' id='word_1_366' title='bbox 3237 4056 3298 4116; x_wconf 88' lang='lat' dir='ltr'><strong>in</strong></span> <span class='ocrx_word' id='word_1_367' title='bbox 3339 4032 3582 4118; x_wconf 84' lang='lat' dir='ltr'><strong>decreto</strong></span> <span class='ocrx_word' id='word_1_368' title='bbox 3620 4055 4012 4135; x_wconf 88' lang='lat' dir='ltr'><strong>Pergameno-</strong></span> 
     </span>
     <span class='ocr_line' id='line_1_33' title="bbox 906 4158 4015 4238; baseline 0.001 -16"><span class='ocrx_word' id='word_1_369' title='bbox 906 4178 1040 4223; x_wconf 92' lang='lat' dir='ltr'><strong>rum</strong></span> <span class='ocrx_word' id='word_1_370' title='bbox 1074 4160 1362 4236; x_wconf 90' lang='lat' dir='ltr'><strong>relatum,</strong></span> <span class='ocrx_word' id='word_1_371' title='bbox 1418 4158 1578 4236; x_wconf 83' lang='lat' dir='ltr'><strong>quod</strong></span> <span class='ocrx_word' id='word_1_372' title='bbox 1613 4175 1746 4221; x_wconf 89' lang='lat' dir='ltr'><strong>cum</strong></span> <span class='ocrx_word' id='word_1_373' title='bbox 1785 4159 1981 4236; x_wconf 86' lang='lat' dir='ltr'><strong>aliquo</strong></span> <span class='ocrx_word' id='word_1_374' title='bbox 2019 4159 2192 4221; x_wconf 92' lang='lat' dir='ltr'><strong>modo</strong></span> <span class='ocrx_word' id='word_1_375' title='bbox 2229 4159 2469 4238; x_wconf 87' lang='lat' dir='ltr'><strong>genuini</strong></span> <span class='ocrx_word' id='word_1_376' title='bbox 2524 4158 3022 4221; x_wconf 87' lang='lat' dir='ltr'><strong>senatusconsulti</strong></span> <span class='ocrx_word' id='word_1_377' title='bbox 3069 4158 3329 4234; x_wconf 88' lang='lat' dir='ltr'><strong>speciem</strong></span> <span class='ocrx_word' id='word_1_378' title='bbox 3369 4163 3433 4221; x_wconf 91' lang='lat' dir='ltr'><strong>et</strong></span> <span class='ocrx_word' id='word_1_379' title='bbox 3470 4158 3719 4222; x_wconf 78' lang='lat' dir='ltr'><strong>formam</strong></span> <span class='ocrx_word' id='word_1_380' title='bbox 3754 4177 3904 4237; x_wconf 90' lang='lat' dir='ltr'><strong>prae</strong></span> <span class='ocrx_word' id='word_1_381' title='bbox 3944 4177 4015 4224; x_wconf 91' lang='lat' dir='ltr'><strong>se</strong></span> 
     </span>
     <span class='ocr_line' id='line_1_34' title="bbox 907 4260 4013 4342; baseline 0.001 -16"><span class='ocrx_word' id='word_1_382' title='bbox 907 4263 1068 4326; x_wconf 77' lang='lat' dir='ltr'><strong>ferre</strong></span> <span class='ocrx_word' id='word_1_383' title='bbox 1103 4263 1392 4340; x_wconf 80' lang='lat' dir='ltr'><strong>videatur,</strong></span> <span class='ocrx_word' id='word_1_384' title='bbox 1430 4261 1692 4324; x_wconf 85' lang='lat' dir='ltr'><strong>dubitari</strong></span> <span class='ocrx_word' id='word_1_385' title='bbox 1728 4279 1844 4324; x_wconf 89' lang='lat' dir='ltr'><strong>non</strong></span> <span class='ocrx_word' id='word_1_386' title='bbox 1881 4268 2097 4340; x_wconf 81' lang='lat' dir='ltr'><strong>potest,</strong></span> <span class='ocrx_word' id='word_1_387' title='bbox 2135 4264 2276 4339; x_wconf 83' lang='lat' dir='ltr'><strong>quin</strong></span> <span class='ocrx_word' id='word_1_388' title='bbox 2312 4261 2693 4342; x_wconf 87' lang='lat' dir='ltr'><strong>Pergamenis</strong></span> <span class='ocrx_word' id='word_1_389' title='bbox 2729 4267 2975 4339; x_wconf 85' lang='lat' dir='ltr'><strong>praesto</strong></span> <span class='ocrx_word' id='word_1_390' title='bbox 3012 4260 3210 4324; x_wconf 86' lang='lat' dir='ltr'><strong>fuerit.</strong></span> <span class='ocrx_word' id='word_1_391' title='bbox 3290 4261 3411 4324; x_wconf 87' lang='lat' dir='ltr'><strong>Sed</strong></span> <span class='ocrx_word' id='word_1_392' title='bbox 3447 4262 3617 4324; x_wconf 88' lang='lat' dir='ltr'><strong>nihili</strong></span> <span class='ocrx_word' id='word_1_393' title='bbox 3656 4270 3751 4327; x_wconf 87' lang='lat' dir='ltr'><strong>est</strong></span> <span class='ocrx_word' id='word_1_394' title='bbox 3787 4281 3862 4326; x_wconf 83' lang='lat' dir='ltr'><strong>ex</strong></span> <span class='ocrx_word' id='word_1_395' title='bbox 3897 4264 4013 4329; x_wconf 91' lang='lat' dir='ltr'><strong>hoc</strong></span> 
     </span>
    </p>
   </div>
   <div class='ocr_carea' id='block_1_16' title="bbox 906 4364 4154 4446">
    <p class='ocr_par' dir='ltr' id='par_1_16' title="bbox 906 4364 4154 4446">
     <span class='ocr_line' id='line_1_35' title="bbox 906 4364 4154 4446; baseline 0 -16"><span class='ocrx_word' id='word_1_396' title='bbox 906 4367 1238 4446; x_wconf 73' lang='lat' dir='ltr'><strong>fragmento</strong></span> <span class='ocrx_word' id='word_1_397' title='bbox 1293 4372 1359 4430; x_wconf 89' lang='lat' dir='ltr'><strong>et</strong></span> <span class='ocrx_word' id='word_1_398' title='bbox 1411 4383 1485 4429; x_wconf 83' lang='lat' dir='ltr'><strong>ex</strong></span> <span class='ocrx_word' id='word_1_399' title='bbox 1544 4366 1813 4429; x_wconf 76' lang='lat' dir='ltr'><strong>frustulis</strong></span> <span class='ocrx_word' id='word_1_400' title='bbox 1847 4367 1987 4429; x_wconf 83' lang='lat' dir='ltr'><strong>XIV</strong></span> <span class='ocrx_word' id='word_1_401' title='bbox 2016 4371 2107 4441; x_wconf 87' lang='lat'><strong>10,</strong></span> <span class='ocrx_word' id='word_1_402' title='bbox 2137 4372 2175 4429; x_wconf 82' lang='lat'><strong>3</strong></span> <span class='ocrx_word' id='word_1_403' title='bbox 2203 4383 2324 4443; x_wconf 88' lang='lat' dir='ltr'><strong>eqs.</strong></span> <span class='ocrx_word' id='word_1_404' title='bbox 2363 4366 2599 4441; x_wconf 83' lang='lat' dir='ltr'><strong>relatis,</strong></span> <span class='ocrx_word' id='word_1_405' title='bbox 2652 4372 2722 4429; x_wconf 89' lang='lat' dir='ltr'><strong>ut</strong></span> <span class='ocrx_word' id='word_1_406' title='bbox 2760 4364 3180 4428; x_wconf 78' lang='lat' dir='ltr'><strong>Mendelssohn</strong></span> <span class='ocrx_word' id='word_1_407' title='bbox 3214 4382 3276 4441; x_wconf 90' lang='lat' dir='ltr'><strong>p.</strong></span> <span class='ocrx_word' id='word_1_408' title='bbox 3306 4370 3421 4426; x_wconf 76' lang='lat'><strong>144</strong></span> <span class='ocrx_word' id='word_1_409' title='bbox 3473 4365 3714 4445; x_wconf 88' lang='lat' dir='ltr'><strong>ludens,</strong></span> <span class='ocrx_word' id='word_1_410' title='bbox 3773 4377 3845 4430; x_wconf 90' lang='lat' dir='ltr'><strong>ut</strong></span> <span class='ocrx_word' id='word_1_411' title='bbox 3880 4370 4015 4446; x_wconf 86' lang='lat' dir='ltr'><strong>ipse</strong></span> <span class='ocrx_word' id='word_1_412' title='bbox 4144 4394 4154 4402; x_wconf 93' lang='lat'><strong>·</strong></span> 
     </span>
    </p>
   </div>
   <div class='ocr_carea' id='block_1_17' title="bbox 908 4467 4011 4653">
    <p class='ocr_par' dir='ltr' id='par_1_17' title="bbox 908 4467 4011 4653">
     <span class='ocr_line' id='line_1_36' title="bbox 908 4467 4011 4550; baseline -0.001 -14"><span class='ocrx_word' id='word_1_413' title='bbox 908 4472 1207 4547; x_wconf 89' lang='lat' dir='ltr'><strong>concedit,</strong></span> <span class='ocrx_word' id='word_1_414' title='bbox 1260 4471 1433 4546; x_wconf 84' lang='lat' dir='ltr'><strong>fecit,</strong></span> <span class='ocrx_word' id='word_1_415' title='bbox 1489 4471 1807 4550; x_wconf 86' lang='lat' dir='ltr'><strong>imaginem</strong></span> <span class='ocrx_word' id='word_1_416' title='bbox 1855 4488 2055 4533; x_wconf 80' lang='lat' dir='ltr'><strong>veram</strong></span> <span class='ocrx_word' id='word_1_417' title='bbox 2102 4471 2335 4534; x_wconf 89' lang='lat' dir='ltr'><strong>illorum</strong></span> <span class='ocrx_word' id='word_1_418' title='bbox 2388 4470 3029 4533; x_wconf 87' lang='lat' dir='ltr'><strong>senatusconsultorum</strong></span> <span class='ocrx_word' id='word_1_419' title='bbox 3065 4467 3403 4530; x_wconf 87' lang='lat' dir='ltr'><strong>restituere.</strong></span> <span class='ocrx_word' id='word_1_420' title='bbox 3483 4471 3570 4532; x_wconf 83' lang='lat' dir='ltr'><strong>Ac</strong></span> <span class='ocrx_word' id='word_1_421' title='bbox 3606 4487 3682 4532; x_wconf 88' lang='lat' dir='ltr'><strong>ne</strong></span> <span class='ocrx_word' id='word_1_422' title='bbox 3717 4470 3866 4550; x_wconf 29' lang='lat' dir='ltr'><strong>XIV·</strong></span> <span class='ocrx_word' id='word_1_423' title='bbox 3885 4476 3944 4546; x_wconf 79' lang='lat'><strong>8,</strong></span> <span class='ocrx_word' id='word_1_424' title='bbox 3972 4478 4011 4534; x_wconf 79' lang='lat'><strong>6</strong></span> 
     </span>
     <span class='ocr_line' id='line_1_37' title="bbox 908 4571 4007 4653; baseline 0 -16"><span class='ocrx_word' id='word_1_425' title='bbox 908 4576 1146 4653; x_wconf 83' lang='lat' dir='ltr'><strong>quidem</strong></span> <span class='ocrx_word' id='word_1_426' title='bbox 1181 4576 1498 4637; x_wconf 84' lang='lat' dir='ltr'><strong>restituere</strong></span> <span class='ocrx_word' id='word_1_427' title='bbox 1533 4590 1753 4650; x_wconf 89' lang='lat' dir='ltr'><strong>operae</strong></span> <span class='ocrx_word' id='word_1_428' title='bbox 1789 4574 2041 4652; x_wconf 88' lang='lat' dir='ltr'><strong>pretium</strong></span> <span class='ocrx_word' id='word_1_429' title='bbox 2080 4576 2214 4637; x_wconf 87' lang='lat' dir='ltr'><strong>erit.</strong></span> <span class='ocrx_word' id='word_1_430' title='bbox 2292 4574 2362 4637; x_wconf 89' lang='lat' dir='ltr'><strong>Id</strong></span> <span class='ocrx_word' id='word_1_431' title='bbox 2397 4580 2627 4637; x_wconf 88' lang='lat' dir='ltr'><strong>tantum</strong></span> <span class='ocrx_word' id='word_1_432' title='bbox 2664 4572 3014 4636; x_wconf 90' lang='lat' dir='ltr'><strong>monendum</strong></span> <span class='ocrx_word' id='word_1_433' title='bbox 3051 4576 3147 4633; x_wconf 87' lang='lat' dir='ltr'><strong>est</strong></span> <span class='ocrx_word' id='word_1_434' title='bbox 3183 4571 3356 4634; x_wconf 74' lang='lat' dir='ltr'><strong>valde</strong></span> <span class='ocrx_word' id='word_1_435' title='bbox 3391 4572 3506 4635; x_wconf 88' lang='lat' dir='ltr'><strong>hoc</strong></span> <span class='ocrx_word' id='word_1_436' title='bbox 3527 4575 4007 4637; x_wconf 88' lang='lat' dir='ltr'><strong>senatusconsul-</strong></span> 
     </span>
    </p>
   </div>
   <div class='ocr_carea' id='block_1_18' title="bbox 1153 4777 3327 4865">
    <p class='ocr_par' dir='ltr' id='par_1_18' title="bbox 1153 4777 3327 4865">
     <span class='ocr_line' id='line_1_38' title="bbox 1153 4777 3327 4865; baseline -0 -20"><span class='ocrx_word' id='word_1_437' title='bbox 1153 4794 1182 4845; x_wconf 88' lang='grc' dir='ltr'><strong>ι</strong></span> <span class='ocrx_word' id='word_1_438' title='bbox 1240 4789 1309 4845; x_wconf 71' lang='lat' dir='ltr'><strong>ec</strong></span> <span class='ocrx_word' id='word_1_439' title='bbox 1347 4788 1617 4845; x_wconf 69' lang='lat' dir='ltr'><strong>Aremn·</strong></span> <span class='ocrx_word' id='word_1_440' title='bbox 1654 4786 1752 4845; x_wconf 67' lang='grc' dir='ltr'><strong>ἃ..</strong></span> <span class='ocrx_word' id='word_1_441' title='bbox 1787 4791 2038 4845; x_wconf 65' lang='lat' dir='ltr'><strong>annon·</strong></span> <span class='ocrx_word' id='word_1_442' title='bbox 2076 4777 2439 4865; x_wconf 56' lang='lat' dir='ltr'><strong>mensusque·</strong></span> <span class='ocrx_word' id='word_1_443' title='bbox 2476 4800 2532 4848; x_wconf 71' lang='lat' dir='ltr'><strong>et</strong></span> <span class='ocrx_word' id='word_1_444' title='bbox 2566 4792 2860 4848; x_wconf 60' lang='lat' dir='ltr'><strong>neema·</strong></span> <span class='ocrx_word' id='word_1_445' title='bbox 2906 4789 3055 4845; x_wconf 77' lang='lat'><strong>1872</strong></span> <span class='ocrx_word' id='word_1_446' title='bbox 3096 4807 3153 4863; x_wconf 60' lang='grc' dir='ltr'><strong>μ</strong></span> <span class='ocrx_word' id='word_1_447' title='bbox 3194 4790 3327 4845; x_wconf 76' lang='lat'><strong>842.</strong></span> 
     </span>
    </p>
   </div>
   <div class='ocr_carea' id='block_1_19' title="bbox 4108 1600 4248 1650">
    <p class='ocr_par' dir='ltr' id='par_1_19' title="bbox 4108 1600 4248 1650">
     <span class='ocr_line' id='line_1_39' title="bbox 4108 1600 4248 1650; baseline 0 0"><span class='ocrx_word' id='word_1_448' title='bbox 4108 1600 4121 1609; x_wconf 65' lang='lat'><strong><em>⁶</em></strong></span> <span class='ocrx_word' id='word_1_449' title='bbox 4152 1606 4248 1650; x_wconf 70' lang='lat' dir='ltr'><em>s</em></span> 
     </span>
    </p>
   </div>
  </div>
 </body>
</html>
