4459 6067
1704 1792 2057 1860 ParsIII.

1068 1963 1184 2039 De
1236 1960 1567 2039 decretis
1620 1960 1831 2059 apud
1879 1961 2292 2061 scriptores
2342 1900 2689 2040 servatis.

532 2097 968 2225 Pundamento
1007 2156 1080 2201 eo
1120 2140 1278 2218 quod
1318 2157 1468 2218 opus
1508 2143 1643 2201 erat
1680 2140 1878 2215 posito
1917 2139 1980 2200 in
2015 2139 2129 2201 bac
2166 2140 2352 2201 tertia
2386 2139 2652 2216 opusculi
2686 2144 2862 2216 parte
2899 2145 3123 2215 restat,
3177 2145 3245 2203 ut
3282 2141 3444 2205 dica·

321 2262 454 2307 mus
494 2244 571 2307 de
608 2242 895 2320 decretis,
952 2259 1107 2320 quse
1147 2241 1318 2306 nobis
1358 2260 1488 2306 cum
1531 2240 1720 2320 apud
1729 2235 2038 2320 Polybium
2074 2247 2200 2304 tum
2241 2239 2304 2303 i'n
2352 2241 2506 2305 libro
2543 2244 2576 2305 1
2627 2244 2729 2321 qui
2777 2250 3024 2309 vocatur
3061 2244 3445 2361 Maccahaeo-

318 2364 455 2410 rum
494 2352 559 2409 et
595 2345 753 2424 apud
790 2345 1106 2422 Iosephum
1144 2351 1384 2410 servata
1424 2351 1584 2409 sunt.

299 2621 388 2656 ,ῃ
697 2504 703 2509 ’
809 2553 817 2558 ·
1548 2482 1608 2631 L
1712 2554 1829 2630 De
1882 2552 2227 2652 Polybio.

565 2727 875 2807 Polybium
913 2746 1017 2805 ea,
1070 2747 1224 2807 quae
1261 2728 1402 2791 inde
1442 2727 1520 2791 ab
1559 2747 1617 2792 a.
1658 2728 1787 2793 fere
1831 2728 2016 2806 ⁸⁸7„-
2054 2733 2353 2806 narravit,
2407 2728 2661 2807 plurima
2698 2746 2773 2792 ex
2811 2731 2966 2794 sctis
3018 2730 3269 2810 publicis
3319 2749 3455 2796 cum

328 2828 703 2897 Achaeorum
740 2834 1108 2912 aliorumque
1145 2838 1276 2895 tum
1309 2833 1726 2912 Romanorum,
1766 2835 1894 2897 sive
1934 2852 2010 2897 ea
2047 2834 2561 2897 senatusconsulta
2601 2834 2726 2897 sive
2763 2819 3193 2912 imperatorum
3229 2841 3336 2900 aut
3368 2837 3456 2898 le-
3556 2873 3564 2880 -

327 2943 605 3017 gatorum
642 2939 1038 3001 Romanorum
1079 2939 1561 3014 Graecorumque
1597 2938 1923 3000 relationes
1962 2942 2136 3001 erant
2174 2939 2301 3000 sive
2337 2937 2587 3001 foedera
2623 2938 2750 3001 sive
2799 2939 2921 3001 alia
2970 2939 3244 3015 decreta,
3298 2957 3456 3002 sum-

329 3041 527 3120 psisse
565 3059 740 3105 nemo
776 3040 1037 3120 negabit.
1119 3041 1241 3105 Sed
1282 3041 1592 3119 quaeritur
1627 3074 1710 3087 —-
1746 3041 1845 3104 hic
1889 3042 2045 3104 enim
2085 3040 2162 3104 de
2198 3042 2348 3104 solis
2372 3042 2766 3103 Romanorum
2792 3042 2948 3105 actis
2970 3040 3226 3120 publicis
3262 3059 3457 3107 sermo

331 3144 452 3207 erit
486 3176 570 3191 —-
608 3151 875 3207 actorum
928 3161 1133 3207 eorum
1148 3189 1166 3220 ,
1226 3161 1382 3222 quae
1435 3143 1820 3221 pertinebant
1876 3145 1957 3207 ad
1993 3162 2097 3207 eos
2134 3145 2385 3221 populos
2401 3189 2419 3220 ,
2473 3142 2823 3222 quibuscum
2873 3162 3094 3225 graece
3152 3144 3458 3225 agebatur,

332 3263 605 3325 quaeque
644 3251 707 3309 et
744 3263 960 3325 graece
999 3253 1064 3310 et
1100 3248 1288 3310 latine
1327 3249 1664 3326 conscripta
1705 3253 1899 3323 erant,
1938 3255 2139 3311 utrum
2178 3247 2611 3325 exemplaribus
2646 3249 2852 3312 latinis
2890 3267 3035 3313 usus
3071 3250 3158 3312 sit
3181 3268 3259 3313 an
3282 3267 3461 3331 grae·

332 3351 441 3414 cis.
544 3351 701 3414 Nam
759 3356 995 3414 constat
1048 3353 1207 3414 inter
1263 3369 1472 3414 omnes
1525 3350 1836 3430 Polybium
1892 3353 2200 3430 utriusque
2251 3352 2540 3414 sermonis
2590 3352 2851 3430 peritum
2907 3352 3112 3416 fuisse.
3207 3353 3273 3416 Si
3321 3369 3462 3416 vero

331 3455 568 3532 graecis
604 3471 749 3517 usus
789 3460 914 3531 est,
959 3472 1071 3532 pro
1110 3460 1275 3517 certo
1315 3454 1638 3516 adfirmare
1676 3472 2010 3534 possumus,
2051 3474 2185 3518 cum
2222 3457 2449 3518 Romae
2487 3461 2761 3518 versatus
2800 3456 2886 3517 sit
2920 3456 3279 3534 permultum
3310 3461 3462 3518 tem·

334 3559 502 3636 poris
541 3560 715 3636 eique
756 3560 886 3620 sine
926 3554 1445 3642 dubi-otiabunda
1481 3559 1752 3621 Romana
1802 3563 2138 3637 patuerint,
2200 3560 2505 3624 versiones
2560 3577 2811 3640 graecas
2860 3577 2980 3622 non
3018 3561 3209 3623 solum
3244 3560 3464 3640 legatis

333 3669 674 3726 exterorum
712 3650 1077 3740 populorum‘
1100 3679 1236 3723 esse
1275 3661 1454 3724 datas
1471 3707 1489 3736 ,
1547 3662 1657 3725 sed
1714 3663 1900 3725 etism
1948 3680 2152 3725 omnes
2196 3662 2434 3740 publice
2496 3664 2725 3741 positas
2771 3664 2836 3725 in
2891 3664 3040 3741 ipsis
3073 3666 3466 3727 Romanorum

335 3765 674 3829 tabulariis.
758 3765 928 3839 Quod
969 3782 1089 3843 qua
1130 3770 1304 3827 erant
1343 3766 1598 3827 Romani
1638 3773 1910 3830 actorum
1946 3760 2314 3844 publicorum
2353 3767 2528 3830 anxia
2566 3785 2710 3830 cura
2749 3772 2813 3830 et
2856 3767 3170 3847 diligentia
3185 3813 3204 3845 ,
3253 3784 3364 3845 per
3399 3783 3467 3830 se

334 3870 660 3933 verisimile
702 3886 837 3932 esse
873 3869 973 3932 vix
1011 3875 1108 3932 est
1143 3886 1252 3931 cur
1289 3885 1578 3931 moneam.
1659 3871 1858 3947 Atque
1895 3870 2043 3932 mibi
2082 3871 2321 3948 quidem
2358 3871 2629 3947 persuasi
2671 3876 2737 3933 et
2758 3871 2823 3932 in
2850 3870 2939 3933 eis
2966 3888 3119 3948 quae
3144 3875 3469 3958 sequuntur

339 3972 661 4036 ostendere
704 3971 965 4035 conabor
1001 3971 1310 4051 Polybium
1350 3990 1533 4050 saepe
1569 3990 1744 4035 usum
1784 3990 1920 4037 esse
1958 3973 2329 4036 versionibus
2367 3973 2620 4053 graecis.
2719 3974 2876 4059 Nam
2929 3973 3168 4036 etiamsi
3218 3977 3469 4051 apparet

342 4077 865 4139 senatusconsulta
902 4094 978 4139 ea
992 4123 1009 4152 ,
1071 4094 1224 4154 quae
1264 4075 1436 4139 nobis
1472 4076 1536 4138 in
1575 4076 1878 4153 lapidibus
1915 4083 2155 4139 servata
2190 4084 2360 4149 sunt,
2418 4077 2567 4138 nihil
2620 4092 2754 4139 esse
2798 4076 2916 4138 nisi
2955 4077 3244 4161 epitomas
3280 4075 3472 4139 lactas

342 4198 418 4241 ex
457 4179 605 4257 ipsis
644 4181 798 4243 actis
839 4187 1103 4259 senatus,
1143 4180 1381 4243 etiamsi
1420 4197 1595 4243 nemo
1633 4179 1903 4258 dubitet,
1945 4182 2089 4257 quin
2125 4179 2426 4258 Polybius,
2467 4196 2619 4259 quae
2656 4181 2721 4242 in
2758 4181 2912 4242 actis
2949 4178 3207 4258 legebat,
3243 4181 3307 4241 in
3345 4197 3471 4244 ser·

340 4302 576 4348 monem
629 4302 799 4348 suum
845 4286 1248 4363 transtulerit,
1304 4291 1511 4347 tamen
1547 4284 1645 4345 hic
1684 4283 1810 4346 illic
1852 4283 2035 4346 verba
2074 4284 2331 4360 genuina
2370 4284 2761 4361 epitomarum
2796 4284 3058 4360 maran,
3114 4299 3267 4360 quae
3303 4284 3473 4361 ipsae

309 4404 582 4466 rquoque
619 4389 684 4450 in
718 4387 1036 4451 tabulariis
1073 4388 1330 4466 publicis
1368 4384 1764 4449 servabantur
1778 4432 1796 4464 ,
1861 4404 1900 4449 a
1936 4386 2183 4464 Polybio
2220 4386 2460 4448 reddita
2496 4393 2636 4449 sunt
2673 4386 2769 4448 vel
2816 4387 2906 4449 ita
2961 4391 3193 4448 mutata
3206 4430 3226 4461 ,
3280 4390 3352 4448 ut
3399 4402 3474 4448 ex

342 4491 547 4555 verbis
591 4491 819 4554 decreti
843 4494 1244 4556 Romanorum
1282 4507 1504 4571 graece
1543 4490 1752 4567 scripti
1791 4507 1879 4552 ea·
1900 4490 2171 4567 profecta
2211 4507 2347 4552 esse
2386 4490 2537 4553 satis
2576 4489 2825 4552 eluceat.
2904 4489 3084 4551 Velut
3121 4506 3195 4550 ex
3224 4488 3477 4551 formula

341 4595 561 4676 χάριτα
599 4599 816 4675 φιλίαν
853 4598 1203 4676 συμμαχίαν
1239 4594 1710 4657 ἀνανεώσασθαι
1753 4593 1965 4656 eodem
2002 4583 2192 4656 modo'
2218 4610 2334 4670 quo
2373 4592 2696 4673 Iosephus¹
2734 4609 2970 4669 semper
2992 4591 3208 4671 χάριτα
3237 4591 3481 4655 sustulit
3522 4596 3531 4602 ’

583 4762 615 4815 1
655 4759 921 4834 Iosephus
959 4760 1125 4816 semel
1162 4766 1378 4816 tautum
1433 4757 1600 4833 (XIV
1622 4759 1678 4828 8,
1703 4757 1765 4834 5)
1824 4760 2043 4833 scripsit
2100 4754 2488 4832 ανανεοῦμυοι
2528 4755 2621 4826 τας
2671 4762 3130 4832 toennensem
3168 4753 3306 4833 ⁸0⁵⁶
3327 4751 3476 4814 ‘Pn-

338 4842 549 4912 pato-5
578 4836 817 4913 χάριτας
854 4842 951 4895 καὶ
987 4831 1086 4909 τὴν
1121 4839 1333 4914 φιλίη.

2867 4939 2942 4997 12
