4459 6067
965 945 1149 1024 phum
1184 945 1459 1008 hausisse
1497 963 1576 1009 ea
1612 944 1692 1008 de
1729 959 1913 1006 causa
1950 941 2275 1005 tenendum
2313 946 2440 1021 est,
2499 942 2642 1021 quia
2680 958 2754 1003 ex
2774 918 2905 1003 isac
2953 957 3024 1003 re
3075 958 3533 1021 cognoscemus,
3600 957 3717 1018 quo
3756 940 4005 1004 consilio
4045 947 4112 1004 et

968 1067 1087 1128 qua
1124 1051 1359 1113 ratione
1396 1050 1621 1113 iactum
1660 1050 1762 1123 sit.
1798 1053 1870 1111 ut
1908 1047 2154 1110 decreta
2190 1047 2255 1108 in
2295 1063 2431 1108 eam
2466 1046 2749 1123 foi-mam,
2787 1062 2908 1123 qua
2945 1045 3324 1107 continentur
3362 1043 3525 1121 apud
3560 1043 3907 1121 Iosephum,
3944 1043 4107 1107 redi·

966 1158 1266 1230 gerentur.
1348 1151 1610 1225 Quorum
1665 1150 1934 1213 condicio
1990 1167 2126 1212 cum
2176 1150 2355 1227 plane
2414 1149 2653 1212 diversa
2704 1150 2788 1210 sit
2845 1153 2911 1210 et
2965 1147 3237 1209 homines
3293 1146 3456 1209 docti
3516 1148 3768 1208 multum
3822 1148 3981 1209 iuter
4038 1163 4108 1210 se
4160 1199 4173 1207 .

963 1261 1229 1333 pugnent
1253 1255 1331 1318 de
1356 1256 1604 1333 singulis
1630 1253 1910 1331 decretis,
1948 1251 2215 1315 breviter
2240 1251 2382 1330 quid
2407 1253 2538 1329 ipse
2563 1253 2839 1330 sentiam,
2879 1268 3172 1328 exponere
3196 1251 3344 1313 mihi
3368 1236 3743 1327 prepositum
3778 1256 3891 1325 est,
3930 1268 4109 1329 prae·

965 1360 1174 1422 sertim
1199 1376 1334 1422 cum
1357 1359 1472 1422 hoc
1504 1359 1689 1422 etiam
1722 1357 1925 1420 valeat
1962 1357 2041 1418 ad
2078 1355 2359 1417 iudicium
2398 1354 2475 1417 de
2513 1372 2786 1418 sermone
2823 1354 3202 1417 decretorum
3240 1352 3690 1437 instituendum.
3772 1352 4109 1431 Disputabo

964 1480 1108 1525 vero
1132 1463 1222 1525 ita
1248 1465 1314 1524 in
1335 1463 1452 1525 hac
1475 1462 1680 1540 priore
1705 1461 1895 1537 magis
1919 1459 2209 1521 historica
2231 1463 2426 1536 parte,
2464 1463 2536 1521 ut
2558 1458 2751 1535 primo
2771 1459 2906 1521 loco
2933 1457 3010 1520 de
3036 1457 3298 1520 decretis
3323 1457 3510 1520 Iudae
3536 1457 3828 1520 Ionathae
3854 1458 4113 1521 Simonis

968 1570 1172 1628 aetate
1211 1565 1393 1628 iactis
1432 1581 1605 1642 agam
1621 1608 1640 1636 ,
1701 1564 1892 1626 altero
1931 1561 2007 1624 de
2046 1561 2338 1639 decretis,
2355 1565 2370 1573 “
2394 1578 2549 1640 quae
2599 1561 2879 1637 leguntur
2929 1561 3087 1638 apud
3133 1560 3453 1637 Iosephum
3488 1561 3636 1622 xm
3663 1565 3787 1649 9‚2
3843 1566 3908 1623 et
3967 1545 4125 1624 xlv‘
4168 1646 4171 1647 ἦ

971 1674 1065 1746 ιο,
1090 1673 1169 1730 22
1211 1668 1476 1746 Hyrcani
1514 1669 1544 1730 1
1581 1674 1933 1744 temporum,
1973 1667 2156 1728 tertio
2195 1664 2273 1727 «ιο
2312 1665 2572 1728 decretis
2616 1664 2838 1727 aetatis
2879 1665 2947 1727 o.
2975 1665 3123 1726 Iulii'
3152 1663 3431 1727 mesaia
3481 1663 3624 1726 xrv
3648 1668 3744 1737 ιο,
3776 1668 3851 1725 ιο
3893 1664 4109 1727 renus
4172 1648 4177 1654 ’

966 1777 1032 1834 et
1068 1771 1146 1834 de
1185 1771 1432 1834 decreto
1469 1770 1613 1832 XIV
1639 1775 1696 1842 8,
1724 1775 1782 1847 5,
1829 1772 2045 1846 quarto
2085 1768 2340 1845 denique
2379 1768 2455 1830 de
2494 1768 3078 1847 epistulis-Antonii,
3121 1769 3373 1846 Augusti
3413 1768 3784 1845 aliorumque
3822 1767 3989 1846 (XIV
4013 1773 4108 1844 12,

965 1878 1143 1949 3-15,
1182 1874 1323 1937 xvi
1350 1879 1407 1948 o,
1436 1874 1639 1952 2—7).
2136 1860 2146 1867 '

867 2047 892 2059 θ
993 2054 1000 2059 ¹
1204 1977 1477 2054 Spatium
1534 1981 1736 2039 autem
1751 2021 1771 2052 ,
1826 1975 1986 2053 quod
2035 1975 2175 2037 huic
2234 1964 2776 2051 disputatiunculae
2833 1991 3181 2036 concessum
3232 1981 3360 2052 est,
3424 1991 3560 2036 cnm
3599 1972 3805 2037 obstet
3819 2021 3838 2053 ,
3894 1992 3971 2037 ne
4006 1992 4109 2038 res

870 2098 879 2105 ·
967 2082 1137 2159 quasi
1178 2079 1256 2143 ab
1294 2080 1532 2160 integro
1569 2085 1860 2157 repetam,
1922 2079 2075 2141 satis
2111 2077 2307 2140 babeo
2347 2095 2440 2152 ea,
2491 2094 2645 2155 quae
2683 2082 2851 2140 recte
2892 2079 3352 2141 enucleaverunt
3389 2078 3503 2139 viri
3544 2070 3726 2156 docti,
3777 2083 3847 2140 ut
3874 2079 4109 2142 Bitscbl

965 2183 1387 2246 Mendelssohn
1422 2183 1606 2246 Niese
1643 2182 1890 2245 Iudeich
1928 2182 2053 2256 alii,
2092 2179 2360 2243 breviter
2391 2180 2659 2254 adferre,
2699 2187 2907 2263 cetera
2944 2186 3145 2245 autem
3185 2181 3524 2245 accuratius
3564 2179 3941 2256 examinabo,
3982 2182 4110 2245 sive

961 2286 1262 2349 hominum
1289 2287 1528 2350 illorum
1565 2286 1902 2349 sententiae
1939 2285 2101 2347 inter
2137 2302 2207 2346 se
2247 2284 2588 2361 discrepant
2625 2284 2752 2346 sive
2789 2283 2922 2361 ipse
2966 2285 3144 2347 aliter
3181 2301 3286 2346 res
3324 2284 3680 2375 statuendas
3718 2285 3855 2348 esse‘
3894 2302 4111 2348 censeo

962 2395 1145 2468 atque
1181 2390 1268 2452 illi
1305 2390 1595 2453 iecerunt.

2508 2559 2570 2625 1.

1198 2700 1436 2764 Foedus
1495 2702 1752 2778 primum
1805 2699 1965 2762 inter
2018 2700 2273 2764 Iudaeos
2328 2706 2393 2763 et
2444 2700 2746 2764 Romanos
2805 2717 2844 2762 a
2881 2698 3034 2763 Iuda
3070 2698 3432 2763 Mattathiae
3471 2698 3518 2762 f.
3560 2699 3788 2762 factum
3808 2705 3924 2764 -est
3961 2719 4014 2765 c.
4053 2720 4110 2766 s.

964 2802 1168 2882 mlta,
1225 2805 1392 2867 cuius
1429 2804 1693 2867 foederis
1730 2802 1918 2867 verba
1955 2809 2201 2867 servata
2238 2810 2378 2867 sunt
2397 2804 2438 2866 ¹.
2516 2805 2889 2867 Renovatum
2927 2803 3208 2879 deinceps
3247 2802 3347 2867 est'
3381 2803 3640 2881 primum
3680 2820 3719 2865 a
3755 2803 4015 2868 Ionatha
4050 2823 4117 2869 a..

965 2907 1147 2983 ”Vm
1187 2909 1295 2988 (Β
1338 2906 1552 2988 ¹“l1n)
1592 2914 1700 2971 aut
1739 2907 1922 2983 ‘ulcis
1965 2908 2072 2988 (=
2115 2906 2324 2987 ι’.1143)
2342 2907 2386 2987 ¹,
2427 2907 2656 2991 deindo⁴
2681 2926 2720 2971 a
2760 2907 2999 2970 Simone
3037 2925 3094 2970 a.
3138 2904 3323 2982 *ιἸιιο
3339 2906 3381 2969 ⁸.
3459 2908 3559 2970 ΒΘ·
3596 2906 3813 2985 quibus
3850 2906 4110 2972 foederi·

959 3011 1073 3075 bus
1132 3012 1552 3076 Mendelssohn
1613 3030 1673 3099 p.
1700 3017 1776 3075 99
1800 3029 1924 3091 eqs.
1995 3011 2430 3075 dubitationem
2492 3013 2681 3075 movit
2748 3010 2827 3074 ab
2883 3011 3129 3073 Alfi-edo
3189 3010 3268 3074 de
3323 3010 3677 3074 Gutschmid
3731 3010 4056 3089 probatam
4066 3012 4111 3093 ⁴,

962 3133 1139 3195 quam
1176 3133 1294 3178 uno
1331 3114 1516 3179 verbo
1554 3121 1821 3206 tangam.
1899 3114 2106 3196 Negat
2144 3116 2305 3178 euim
2344 3115 2423 3178 de
2460 3115 2707 3178 foedere
2746 3132 2940 3192 aequo
2995 3116 3156 3178 inter
3192 3115 3449 3179 Iudaeos
3502 3120 3569 3178 et
3604 3116 3907 3180 Romanos
3945 3117 4111 3183 facto

944 3236 1135 3297 posse
1171 3221 1439 3297 coffltari.
1521 3219 1689 3294 Quod
1713 3202 1870 3282 'inde
1907 3218 2229 3281 verisimile
2268 3219 2524 3282 reddere
2564 3218 2802 3297 studet,
2863 3219 3021 3296 quod
3058 3221 3313 3282 Romani
3368 3218 3582 3282 foedus
3635 3219 3793 3283 inire
3845 3237 3965 3283 non
4000 3238 4110 3300 po-

957 3328 1202 3386 tuerunt
1238 3324 1355 3385 nisi
1396 3340 1530 3385 cnm
1568 3324 1788 3400 populo
1826 3321 2034 3385 libero.
2112 3321 2433 3385 Liberatos
2470 3340 2614 3386 vero
2655 3340 2790 3385 esse
2824 3324 3074 3401 imperio
3102 3321 3552 3384 Seleucidarum
3577 3322 3836 3386 Iudaeos
3869 3323 4112 3387 demum

959 3426 1215 3490 Simonis
1254 3432 1475 3489 aetate.
1555 3429 1642 3489 Ac
1682 3443 1751 3488 re
1791 3444 1935 3489 vera
1971 3427 2276 3488 Romanos
2311 3426 2553 3489 Iudaeis
2592 3427 2810 3489 auxilio
2864 3444 2982 3489 non
3035 3408 3273 3488 venisse
3287 3471 3305 3504 ,
3358 3443 3492 3488 cum
3534 3442 3573 3487 a
3611 3426 3905 3490 Demetrii
3942 3429 4112 3509 regis

963 3530 1171 3609 Syriae
1211 3528 1458 3593 ducibus
1497 3530 1908 3593 crudelissime
1946 3536 2324 3593 vexarentur.
2403 3531 2615 3608 Itaque
2655 3530 3079 3593 Mendelssohn
3129 3546 3240 3592 nos
3295 3515 3475 3592 iubet*
3492 3529 3783 3607 comtare
3835 3530 3913 3593 de
3962 3533 4112 3595 ami-

961 3634 1107 3697 citia
1142 3635 1303 3695 inter
1338 3634 1596 3695 Iudaeos
1642 3638 1709 3695 et
1742 3633 2043 3696 Romanos
2095 3632 2260 3695 facta
2273 3632 2316 3695 ⁸.
2415 3634 2535 3697 Sed
2591 3640 2761 3697 recte
2817 3634 3057 3712 quidem
3115 3633 3264 3695 dicit
3319 3633 3640 3710 Iosephum
3696 3632 4114 3717 fraudulenter

958 3736 1143 3800 verbs
1179 3739 1268 3799 ita
1305 3737 1586 3811 reddere,
1642 3737 1813 3815 quasi
1867 3737 2000 3815 ipse
2053 3739 2554 3801 senatusconsulti
2603 3736 2874 3801 tabulam
2912 3739 3222 3801 aheneam.
3261 3736 3326 3798 in
3366 3735 3665 3813 Capitolio
3718 3737 3981 3814 positam
4019 3738 4110 3800 vi·

960 3839 1193 3905 disset⁸
1230 3846 1295 3903 et
1332 3840 1789 3922 confugiendum
1827 3858 1961 3903 esse
2002 3841 2081 3904 ad
2119 3840 2309 3905 verba
2345 3841 2486 3905 libri
2522 3841 2555 3902 1
2592 3842 2804 3921 Maec„
2844 3860 2999 3921 quae
3038 3842 3189 3904 nihil
3225 3838 3523 3903 haberent
3562 3840 3828 3903 alienum
3867 3858 3906 3903 a
3943 3859 4112 3906 more

2302 2623 2353 2637 ‚q

1202 4081 1231 4133 1
1292 4077 1541 4135 [Mace.
1572 4079 1912 4148 saa-sa
1956 4103 2033 4130 ==
2073 4079 2326 4136 Ios.X11
2357 4083 2447 4151 10,
2471 4082 2525 4151 0,
2585 4081 2654 4138 ef.
2699 4081 2919 4138 Bitschl
2955 4081 3154 4140 Rhein.
3190 4082 3336 4139 Mus.
3368 4082 3635 4140 XXVIII
3671 4102 3729 4160 Ρ.
3758 4085 3875 4141 586
3946 4084 4116 4145 ‘Rue

958 4154 1361 4228 Berichtigung
1400 4155 1500 4213 dea·
1537 4157 1991 4231 capitolinischen
2027 4156 2514 4216 Oonsulasfasten!
2729 4162 2766 4215 2
2807 4159 3049 4217 [Maec.
3083 4163 3175 4230 12,
3200 4165 3229 4216 1
3263 4185 3341 4210 ==
3367 4160 3650 4218 Ioaxm
3679 4164 3736 4232 5,
3763 4165 3802 4219 8
3825 4188 3901 4214 ==
3928 4163 4115 4221 lustin

963 4232 1228 4290 XXXVI
1254 4235 1309 4304 9,
1326 4235 1381 4304 9,
1434 4238 1534 4309 qui
1569 4238 1758 4309 inepte
1795 4235 1866 4292 de
1902 4253 1970 4292 eo
2006 4235 2225 4294 foedere
2263 4236 2514 4307 disseritg
2553 4236 2622 4293 ef.
2664 4237 2880 4294 Ritscbl
2917 4238 3114 4295 Bbein.
3139 4239 3285 4295 Mus.
3309 4238 3577 4296 xxvm
3614 4259 3673 4315 p.
3704 4241 3823 4297 590
3861 4249 3919 4299 et
3959 4241 4114 4299 ssen-

959 4309 1218 4368 delssohn
1272 4310 1463 4368 Senafi
1517 4314 1771 4369 consulta
1820 4314 2220 4385 Romanorum,
2274 4333 2419 4390 quae
2470 4324 2604 4371 sunt
2638 4318 2700 4372 in
2738 4316 2962 4390 Iooephi
3005 4316 3433 4392 antiquitatibus
3488 4315 3660 4391 (Acta
3681 4316 3883 4377 Societ.
3909 4318 4105 4395 philol.

961 4388 1117 4502 ³2³1».
1158 4387 1243 4446 αἱ.
1298 4408 1334 4445 a
1385 4388 1483 4446 Fr.
1521 4391 1822 4448 Bitschelio
1870 4391 1926 4448 V
1977 4392 2186 4467 (1875)
2242 4411 2296 4466 Ρ.
2315 4395 2393 4450 87
2410 4393 2645 4468 -288)
2703 4412 2757 4468 Ρ.
2788 4396 2927 4463 102,
2983 4393 3083 4450 ubi
3138 4393 3334 4451 foedus
3382 4397 3602 4452 circiter
3657 4414 3710 4452 a.
3754 4392 3942 4467 ⁸⁰⁹l010
4004 4397 4109 4472 (ε-

1037 4465 1167 4541 luo)
1205 4466 1414 4524 factum
1451 4486 1571 4526 esse
1608 4468 1760 4526 dicit.
2000 4471 2037 4525 8
2076 4471 2122 4526 Ι.
2151 4471 2324 4526 Mace.
2358 4474 2450 4542 14,
2476 4474 2746 4528 16-19,
2774 4474 3069 4543 24-27;
3113 4474 3207 4542 15,
3232 4474 3493 4528 15--24
3535 4497 3614 4524 ==
3651 4473 3761 4531 Ios.
3788 4474 3944 4531 xm
3971 4476 4027 4545 7,
4055 4476 4107 4533 8.

958 4543 1032 4601 In
1083 4544 1337 4602 LMacc.
1393 4548 1633 4620 epistula
1690 4545 1932 4603 consulis
1985 4547 2053 4618 Ia.
2111 4548 2704 4624 (CalpurniiPisouis)
2760 4548 2952 4607 adlata
3002 4558 3088 4607 est
3136 4549 3382 4608 eiusdem
3433 4553 3599 4620 anni,
3652 4551 3725 4609 of.
3777 4553 3994 4609 Bitscbl
4053 4572 4114 4633 Ρ.

961 4624 1072 4678 591
1103 4639 1219 4699 eqs.
1258 4630 1316 4680 et
1352 4642 1409 4699 Ρ.
1439 4626 1573 4695 595,
1611 4623 2002 4682 Mendelssohn
2041 4645 2097 4701 Ρ.
2123 4629 2237 4683 107
2266 4644 2380 4702 eqs.
2619 4630 2658 4682 4
2712 4626 2783 4683 cf.
2823 4627 3086 4686 litterar.
3124 4627 3497 4686 Qun-amau
3539 4630 3694 4686 1874
3732 4648 3789 4705 Ρ.
3822 4632 3993 4687 1005.

961 4703 997 4756 5
1053 4700 1124 4757 ef.
1161 4701 1392 4776 Appian
1430 4700 1568 4759 Gelt.
1609 4721 1657 4759 c.
1693 4705 1799 4759 182
1841 4700 2122 4762 inuam
2158 4702 2214 4765 δ’
2260 4705 2316 4761 01
2343 4701 2619 4777 Ῥωμαῐοο
2657 4706 2865 4775 ξέναις,
2907 4704 2991 4773 οἷς
3027 4703 3291 4764 ἰδίδοσαν
3325 4709 3430 4779 μῦν
3468 4706 3608 4765 εἶναι
3645 4709 3860 4781 paone,
3899 4702 4113 4781 emim

956 4776 1014 4834 δ’
1053 4773 1156 4836 οδε
1194 4776 1328 4849 ’κῆν
1367 4775 1445 4847 ὥς
1481 4784 1666 4857 φίλους
1702 4777 2020 4854 lupinum.
2261 4784 2296 4838 6
2336 4801 2447 4839 non
2482 4782 2750 4854 dubitem,
2788 4787 2928 4859 quin
2965 4784 3201 4860 Ioseph)
3238 4788 3367 4859 ipsi,
3404 4803 3522 4842 non
3559 4787 3678 4842 eius
3702 4785 3847 4843 fonti
3869 4789 4107 4850 nataae
