4459 6067
1886 672 2066 731 los·

365 825 857 888 exercitationem
911 822 1158 887 Iudaeis
1194 822 1423 886 Romae
1478 818 1891 884 habitantibus
1947 820 2332 884 concessisse.
2410 820 2691 885 Edictum
2746 823 2904 886 enim
2960 825 3237 903 Caesaris
3293 827 3504 906 ipsum,

371 923 3567 1011 quodRomaeerat,cunmdsdnoupossegnushabuitservssnepistulamadtminquq·

362 1029 525 1091 illius
576 1028 761 1092 edicti
798 1028 1080 1093 Caesaris
1129 1027 1613 1091 commemoratio
1663 1025 1831 1090 facts
1882 1032 2035 1090 erat.
2135 1026 2727 1091 senatusconsultum
2785 1030 3039 1111 deniqne
3078 1049 3134 1093 a.
3173 1032 3233 1094 d.
3270 1032 3381 1096 111.
3420 1033 3505 1096 id.

363 1114 3386 1209 Apatacmmoptimcinfinehuimdisputauonisessepodmmuxeacmcommemom'

605 1234 838 1297 Deinde
892 1234 951 1296 si
984 1232 1276 1310 Iosephus
1331 1231 1581 1294 decr-eta
1629 1232 1736 1294 illa
1787 1249 1863 1294 ex
1915 1232 2196 1294 contiuua
2229 1230 2467 1292 Nicolai
2516 1233 2860 1296 narratione
2911 1235 3195 1312 sumpsit,
3252 1238 3509 1319 vestigia

367 1337 497 1399 eius
543 1337 634 1398 rei
648 1382 668 1410 ,
730 1353 850 1414 qua
907 1340 1045 1397 erat
1081 1333 1373 1410 Iosephus
1423 1333 1729 1411 imperitia
1783 1337 1850 1397 et
1896 1334 2279 1414 neglegentia
2296 1379 2314 1412 ,
2374 1351 2730 1412 cognoscere
2780 1353 2958 1414 posse
2995 1334 3298 1401 debemus.
3374 1339 3507 1421 Huc

366 1440 559 1501 multa
594 1445 847 1516 possunt
881 1437 1121 1513 referri,
1159 1436 1327 1498 velut
1360 1435 1761 1515 interruptum
1800 1436 2108 1499 decretum
2146 1437 2181 1515 5
2210 1442 2280 1510 Ως
2318 1436 2382 1498 in
2421 1438 2818 1514 paragrapho,
2857 1454 3009 1514 quae
3048 1439 3333 1518 sequitur,
3372 1447 3512 1517 post

368 1531 745 1618 praescripta
792 1539 939 1603 ficta
974 1538 1266 1616 Iosephus
1321 1539 1528 1619 pergit
1586 1538 1757 1612 ὅπως
1803 1540 1881 1601 τὰ
1932 1539 2116 1602 τέκνα
2169 1541 2364 1602 αὐτοῦ
2402 1571 2485 1584 -
2519 1537 2807 1618 intellege
2844 1538 3110 1616 Hyrcani
3142 1575 3256 1618 —,
3309 1543 3372 1605 in
3407 1543 3507 1622 56

373 1646 615 1723 Καισαρ
829 1644 1035 1722 ἔκρινε
1073 1643 1335 1713 τούτους
1373 1642 1503 1704 scil.
1555 1642 2105 1719 ωὸςἸουδαίους,
2161 1642 2223 1703 ἰιι
2264 1641 2364 1719 56
2403 1643 2692 1720 ἔστησεν,
2749 1640 2917 1713 ὅπως
2963 1646 3223 1705 τελῶσιν
3271 1645 3398 1708 scil.
3449 1645 3517 1707 ol

363 1744 702 1824 Ἰουδαῖοι,
761 1762 919 1822 quae
977 1743 1176 1805 omnia
1230 1741 1390 1818 apud
1427 1743 1738 1807 Nicolaum
1791 1744 1857 1806 in
1911 1745 2256 1807 narratione
2306 1760 2507 1806 rerum
2544 1743 2740 1805 locum
2775 1760 2946 1806 suum
2982 1743 3262 1808 habuisse
3298 1728 3512 1823 putare

374 1847 681 1910 debemus.
759 1846 994 1908 Eodem
1046 1844 1400 1906 referendus
1454 1852 1552 1908 eat
1604 1862 1794 1908 nexus
1831 1846 2269 1909 sententiarum
2304 1846 2546 1924 saepius
2583 1830 2761 1923 plane
2798 1847 3199 1926 interruptus,
3251 1849 3416 1912 velut
3450 1849 3515 1911 iu

373 1949 474 2028 53
518 1956 582 2013 et
619 1950 758 2028 56,
818 1947 922 2010 ubi
961 1954 1092 2011 tum
1132 1946 1333 2025 ὅπως,
1383 1953 1510 2010 tum
1548 1946 1872 2010 infinitivus
1907 1949 2142 2026 positus
2178 1954 2309 2023 est,
2366 1947 2636 2025 singulae
2672 1952 2879 2025 partes
2916 1950 3075 2012 omni
3113 1951 3515 2017 coniunctione

376 2059 602 2114 carent.
681 2051 901 2114 Paucis
928 2050 1129 2114 verbis
1151 2049 1438 2113 NIcolaus
1477 2068 1690 2137 ηομ
1699 2052 2155 2130 sententiarum
2186 2050 2550 2113 constituere
2577 2051 2792 2127 potuit.
2872 2050 3074 2114 Verba
3104 2051 3269 2124 ὅπως
3284 2052 3519 2132 μηδεὶς

373 2157 526 2233 μήτε
564 2156 772 2234 ἅρχων
811 2171 935 2231 eqa.
983 2171 1101 2216 non
1142 2158 1286 2231 apte
1322 2154 1525 2230 posita
1564 2170 1699 2216 esse
1735 2153 1801 2215 in
1840 2154 1960 2232 50,
1995 2159 2022 2214 1
2066 2152 2188 2215 iam
2227 2152 2335 2214 alii
2373 2158 2788 2231 cognoverunt,
2826 2154 2891 2216 in
2925 2153 2963 2232 5
2990 2158 3026 2215 5
3065 2153 3211 2218 ordo
3248 2158 3517 2220 enuntia·

376 2264 576 2319 torum
612 2258 754 2320 talis
792 2262 908 2334 est,
946 2262 1018 2319 ut
1056 2273 1192 2318 eum
1224 2255 1317 2318 ita
1353 2255 1543 2319 fuisse
1579 2256 1644 2317 in
1683 2255 1882 2318 edicto
1918 2255 2173 2333 genuino
2208 2246 2458 2331 prorsus
2486 2254 2821 2332 negandum
2844 2255 2942 2318 sit.
3023 2256 3189 2330 Quae
3211 2275 3311 2322 res
3333 2260 3520 2323 etiam

375 2361 559 2436 aliud,
598 2360 755 2438 quod
793 2361 1037 2422 maioris
1074 2360 1360 2422 momenti
1400 2365 1515 2433 est,
1553 2358 1728 2422 nobie
1767 2358 2132 2437 comprobat.
2213 2358 2280 2420 Si
2319 2358 2479 2421 euim
2515 2356 2664 2421 ordo
2691 2358 3059 2438 singulorum
3082 2360 3520 2426 enuntiatorum

379 2465 535 2527 alius
594 2465 710 2527 fuit
764 2470 948 2542 atque
1002 2464 1164 2541 apud
1208 2463 1559 2541 Iosephum,
1617 2463 1939 2526 verisimile
1998 2470 2096 2526 est
2129 2461 2446 2524 Nicolaum
2497 2460 2734 2541 singula
2788 2464 3096 2527 enuntiata
3154 2482 3229 2528 ex
3264 2465 3523 2530 decretis
3557 2454 3568 2464 ’

251 2650 262 2659 .
379 2568 660 2631 attulisse
678 2613 698 2643 ,
756 2567 1079 2644 Iosephum
1126 2583 1272 2630 vero
1321 2583 1398 2631 ea
1451 2569 1859 2645 composuisse
1903 2571 1969 2629 et
2020 2565 2478 2645 praescriptioni
2495 2611 2514 2643 ,
2571 2565 2699 2627 sive
2750 2581 2884 2628 eam
2934 2583 3009 2629 ex
3042 2565 3276 2632 Nicolsi
3322 2568 3590 2634 ves-hir·

379 2672 652 2747 sumpsit,
691 2672 820 2734 sive
857 2671 992 2748 ipse
1030 2668 1149 2733 sibi
1188 2669 1600 2744 conformavit,
1640 2670 2143 2733 subordinavisse.
2224 2668 2425 2742 Quid?
2464 2667 2839 2733 decretorum
2876 2685 3179 2734 numerum
3214 2689 3409 2736 nonne
3430 2673 3524 2738 ita
3659 2675 3679 2697 ⁸

382 2775 674 2837 auxerat?
770 2774 864 2838 Eo
903 2774 1151 2837 consilio
1166 2818 1185 2849 ,
1245 2780 1316 2836 ut
1350 2792 1505 2838 nova
1547 2774 1794 2836 decreta
1829 2771 2085 2854 lingeret
2105 2817 2122 2848 ,
2181 2771 2418 2834 addidit
2455 2771 2534 2835 ad
2572 2772 2609 2851 5
2636 2776 2673 2835 8
2698 2778 2764 2835 et
2787 2777 2829 2835 4
2864 2775 3235 2852 praescripta
3270 2777 3521 2856 ineptis-

382 2878 551 2940 sima.
603 2878 695 2940 Eo
712 2878 893 2940 modo
910 2877 1169 2939 frustula
1187 2878 1497 2954 plenorum
1515 2877 1891 2941 decretorum
1910 2877 2171 2954 speciem
2187 2876 2246 2938 ei
2261 2873 2618 2937 videbantur
2635 2877 2925 2953 accipere.
2977 2876 3132 2939 Nam
3148 2895 3218 2941 re
3234 2897 3377 2943 vera
3393 2886 3523 2945 tam
3576 2863 3581 2867 ’

383 2996 567 3057 saepe
603 2979 682 3044 de
718 2981 1049 3058 privilegiis
1076 2980 1341 3059 Hyrcani
1380 2981 1444 3042 in
1482 2997 1604 3043 uno
1641 2980 1967 3056 eodemque
2005 2979 2248 3042 decreto
2286 2984 2486 3040 actum
2524 2994 2661 3040 esse
2697 2993 2871 3040 nemo
2907 2978 3162 3056 putabit.
3240 2981 3526 3061 Iosephus

388 3083 665 3161 quotiens
705 3084 864 3160 apud
902 3083 1215 3148 Nicolaum
1253 3083 1521 3161 Hyrcani
1569 3083 1883 3161 privilegia
1922 3083 2380 3146 commemorata
2417 3078 2781 3158 inveniebat,
2817 3080 3052 3144 Nicolai
3098 3081 3297 3146 verbis
3333 3085 3525 3147 mov

385 3188 665 3266 Καίσαρα
715 3187 1137 3267 αὐτοκράτορα
1190 3188 1518 3267 δικτάτορα
1568 3188 1810 3249 ὕπατον
1866 3185 2180 3264 praemisit
2234 3188 2297 3245 et
2349 3183 2439 3245 ita
2488 3183 2772 3244 maiorem
2831 3183 3097 3246 reddidit
3154 3185 3558 3250 decroeorun-

385 3307 710 3353 numerum.
789 3291 884 3352 Ex
919 3290 1172 3354 Nicolao
1209 3291 1448 3354 videtur
1489 3293 1816 3369 sumpsisse
1855 3288 2369 3373 praescriptiones,
2396 3286 2434 3365 5
2474 3293 2532 3362 δ,
2571 3290 2631 3365 6,
2668 3291 2726 3347 7.
2806 3286 2873 3349 Si
2910 3285 3164 3365 denique
3190 3288 3525 3353 considera-

386 3412 521 3458 mus
560 3395 872 3458 Nicolaum
909 3395 1233 3458 verisimile
1292 3412 1429 3459 esse
1485 3413 1603 3458 non
1654 3396 1832 3458 nimis
1888 3394 2267 3456 decretorum
2320 3389 2506 3453 verba
2559 3391 2622 3451 in
2674 3392 3014 3453 narratione
3072 3409 3182 3455 sua
3213 3394 3524 3472 pressisse,

385 3497 559 3561 nobis
598 3496 1036 3561 concedendum
1077 3501 1174 3559 eat
1211 3498 1276 3558 in
1315 3497 1610 3577 frustulis,
1647 3499 1817 3561 velut
1854 3498 1889 3576 5
1932 3501 2040 3575 3,1
2086 3501 2149 3558 et
2186 3502 2245 3570 4,
2283 3494 2433 3555 nihil
2470 3493 2706 3555 omnino
2746 3493 2942 3556 inesse
2979 3495 3222 3573 genuini
3259 3500 3525 3558 actorum

386 3600 757 3679 publicorum
795 3600 1213 3663 Romanorum.

624 3703 1144 3763 Demonstravisse
1182 3701 1332 3763 mihi
1368 3702 1578 3770 videor
1614 3705 1675 3766 in
1715 3704 1824 3781 eis,
1863 3720 2018 3781 quae
2056 3700 2439 3779 praecedunt,
2476 3699 2838 3779 legationem
2877 3697 2956 3760 ab
2979 3697 3255 3776 Hyrcano
3292 3718 3346 3762 a.
3369 3697 3524 3771 mla

389 3807 639 3869 Romam
688 3805 932 3867 missam
974 3821 1109 3867 esse
1162 3804 1368 3883 ibique
1422 3806 1839 3885 impetravisse
1889 3804 2499 3879 senatusconsultum,
2551 3818 2668 3879 quo
2704 3801 2986 3864 Caesaris
3023 3801 3282 3865 edictum
3319 3801 3526 3869 confir-

391 3913 614 3970 matum
662 3912 774 3969 est.
854 3907 1054 3984 Ipsius
1113 3910 1243 3971 eius
1301 3911 1808 3973 senatusconsulti
1847 3910 2243 3987 iragmcntum
2279 3903 2569 3967 habemus
2585 3949 2604 3980 ,
2665 3910 2736 3967 nt
2771 3920 2955 3982 supra
2992 3903 3277 3980 explicavi
3292 3949 3311 3983 ,
3371 3903 3529 3982 apud

390 4010 706 4087 Iosephum
742 4009 885 4072 XIV
915 4016 1008 4086 10,
1036 4016 1074 4074 3
1115 4017 1436 4074 servatum.
1516 4012 1584 4075 Si
1639 4030 1784 4076 vero
1845 4011 2097 4076 eundem
2150 4009 2468 4086 Iosephum
2524 4007 2858 4084 sequimur,
2914 4005 3126 4070 eodem
3180 4024 3334 4081 anno
3373 4004 3526 4082 mla

392 4114 575 4176 etiam
628 4114 888 4177 alterum
940 4114 1168 4177 factum
1220 4121 1318 4177 est
1372 4118 1955 4179 senatusconsultum
1974 4159 1990 4191 ,
2052 4132 2128 4177 ex
2184 4130 2303 4190 quo
2358 4127 2471 4188 per
2524 4108 2759 4185 legatos
2803 4107 2896 4189 ‚ab
2953 4108 3231 4186 Bucam
3281 4110 3528 4173 Romam

390 4217 606 4280 missos
658 4216 869 4280 foedus
921 4233 1059 4278 cum
1102 4215 1345 4278 Iudaeis
1398 4224 1746 4281 renovatum
1802 4224 1915 4281 est.
2014 4216 2197 4279 Cuius
2247 4211 2432 4276 verba
2483 4210 2625 4274 xlv
2649 4215 2710 4287 8,
2736 4218 2774 4274 6
2813 4211 3107 4288 leguntur.
3203 4212 3323 4276 Sed
3379 4214 3530 4276 duas

393 4318 652 4396 Hyrcani
714 4318 1048 4395 legationes
1109 4314 1223 4378 sub
1273 4313 1450 4376 finem
1521 4335 1580 4380 a·
1641 4317 1797 4392 '’'ln
1859 4317 2321 4382 Romaejuisse
2387 4319 2455 4378 ct
2504 4313 2623 4376 duo
2681 4314 3196 4378 senatusconsulta
3247 4316 3530 4392 impetra-

390 4422 552 4484 visse
591 4420 756 4484 credi
792 4436 913 4482 non
950 4417 1211 4495 potest².
1291 4418 1504 4495 ltaque
1539 4419 1742 4484 iacere
1799 4439 1919 4484 nou
1973 4437 2256 4500 possum,
2315 4417 2457 4496 quin
2496 4415 2813 4493 Iosephum
2850 4414 3075 4492 xlvs,
3102 4421 3139 4478 δ
3178 4434 3334 4480 anno
3373 4414 3526 4491 mla

633 4627 664 4679 1
706 4626 916 4697 itaque,
955 4618 2852 4702 qmmoeepasaadas,p.48e,4ssdenvs,sdtmn,
2889 4621 3528 4700 proh-:imponun-

4424 2488 4452 3671 ἕ

4438 3840 4452 4395 ᾖ

4432 4450 4452 5029 1
