4459 6067
3167 762 3232 782 ”⁴-

2556 780 2656 831 ΧΠ
2725 823 2741 851 J

1043 940 1253 1003 titulos
1291 899 1490 1000 autem
1527 935 2032 1000 commemoranda
2069 938 2211 995 sunt
2237 922 2329 994 'ea
2376 933 2605 1009 scripta
2639 910 3036 995 Romanorum
3087 929 3326 1008 publica
3339 977 3358 1005 ,
3415 886 3570 1010 quae
3622 935 3778 1012 apud
3829 893 4157 1012 scriptores

1045 1040 1317 1099 exstant:
1377 1050 1530 1112 quae
1567 1031 1723 1095 unde
1760 1030 2063 1107 fluxerint,
2102 1046 2244 1092 num
2282 1029 2358 1091 ad
2397 1029 2584 1092 verba
2625 1029 2702 1092 ab
2740 1029 2862 1091 illis
2900 1028 3139 1090 reddita
3176 1030 3321 1102 sint,
3357 1046 3464 1092 suo
3503 1032 3636 1093 loco
3675 1033 4082 1110 explicabitur.

1282 1129 1512 1192 Deinde
1548 1127 1812 1189 breviter
1850 1142 2153 1202 exponam,
2213 1124 2503 1201 quomodo
2542 1141 2643 1186 res
2679 1142 2749 1186 re
2787 1123 3064 1185 habuerit
3102 1124 3164 1183 in
3204 1125 3487 1202 Aegypto,
3544 1126 3735 1203 Syria,
3791 1129 4160 1193 Macedonia.

1042 1228 1297 1291 Etiamsi
1335 1227 1492 1289 enim
1530 1242 1604 1286 ex
1641 1241 1716 1286 ea
1752 1229 1982 1299 aetate,
2039 1221 2116 1283 de
2155 1236 2274 1297 qua
2313 1222 2541 1298 agitur,
2596 1221 2762 1282 nulla
2800 1226 2968 1282 certa
3006 1220 3344 1281 testimonia
3383 1222 3700 1300 habemus,
3740 1229 3955 1287 tamen-
3980 1226 4159 1289 facile

1043 1343 1145 1388 res
1184 1323 1496 1386 diiudicari
1528 1320 1765 1397 poterit.
1840 1318 2043 1412 Neque
2082 1319 2239 1379 enim
2276 1317 2586 1394 quisqam
2640 1318 2882 1396 ignorat
2937 1334 3269 1380 sermonem
3310 1317 3615 1394 'publicum
3674 1321 3736 1382 in
3787 1323 3908 1384 illis
3955 1327 4159 1401 regnis

1046 1421 1233 1484 fuisse
1271 1435 1549 1498 graecum
1586 1423 1766 1494 atque
1803 1416 2175 1478 decretorum
2213 1432 2252 1476 a
2287 1413 2530 1491 regibus
2568 1414 2821 1491 Aegypti
2873 1419 2936 1475 et
2974 1413 3182 1491 Syriae
3222 1413 3723 1493 Macedoniaeque
3773 1420 4008 1496 graecis
4061 1421 4160 1481 lit·

1050 1517 1201 1578 teris
1239 1515 1700 1591 conscriptorum
1738 1511 1898 1573 haud
1935 1529 2124 1588 pauca
2162 1517 2497 1589 supersunt.
2578 1511 2730 1584 Quin
2771 1513 2953 1573 etiam
3003 1511 3065 1571 in
3103 1512 3372 1589 Aegypto
3411 1517 3674 1574 aetatem
3719 1514 3989 1576 tulerunt
4025 1516 4163 1578 duo

1050 1613 1297 1675 decreta
1334 1629 1374 1673 a
1411 1611 1805 1691 Romanorum
1840 1607 2293 1689 magistratibus
2323 1599 2545 1686 'graece
2584 1609 2810 1685 scripta
2849 1608 3101 1670 alterum
3161 1607 3255 1684 (C.
3281 1608 3329 1669 1.
3357 1605 3430 1669 G.
3457 1609 3549 1669 III
3574 1608 3758 1686 4956)
3810 1611 3950 1672 anni
3984 1610 4162 1688 mlo,

1057 1710 1311 1785 alterum
1351 1707 1444 1785 (C.
1469 1706 1520 1768 I.
1547 1705 1621 1767 G.
1649 1704 1738 1766 111
1764 1706 1946 1783 4957)
1992 1706 2129 1766 anni
2169 1702 2342 1779 mles.
2422 1704 2587 1777 Quae
2626 1722 2757 1766 cum
2794 1705 2886 1766 ita
2922 1705 3074 1778 sint,
3135 1706 3368 1767 etiamsi
3408 1721 3512 1783 ea,
3582 1724 3733 1784 quae
3769 1707 4052 1785 Polybius
4091 1709 4169 1772 de

1054 1805 1402 1867 commercio
1457 1806 1522 1865 et
1577 1800 1915 1864 foederibus
1964 1802 2358 1862 Romanorum
2412 1818 2547 1863 cum
2587 1800 2874 1863 Antiocho
2925 1800 3090 1875 (XXI
3123 1805 3194 1862 13
3222 1818 3343 1878 eqs.
3372 1807 3470 1876 45,
3527 1803 3730 1865 XVIII
3754 1804 3859 1881 4⁷)
3916 1812 3980 1867 et
4035 1823 4171 1869 cum

1054 1900 1325 1976 Philippo
1387 1898 1613 1976 (xvm
1640 1897 1860 1974 1—12)
1914 1895 2090 1958 factis
2141 1897 2356 1974 tradit,
2415 1902 2582 1966 certo
2633 1897 2984 1959 documento
3021 1914 3155 1959 esse
3193 1915 3308 1966 non
3346 1906 3624 1978 possunt,
3683 1902 3821 1978 quia
3860 1903 4169 1966 foederum
4227 1919 4230 1922 ·

1055 2014 1187 2058 cum
1226 1996 1346 2057 illis
1382 1994 1660 2074 regibus,
1717 1997 1787 2055 ut
1822 1992 1979 2054 infra
2014 1991 2518 2054 demonstrabitur
2537 2037 2553 2067 ‚
2608 1993 2867 2071 genuina
2901 1992 3086 2054 verba
3138 2010 3255 2055 non
3311 1996 3603 2069 servavit,
3653 1998 3760 2058 sed
3818 2015 3926 2061 suo
3980 2000 4169 2075 ipsius

1055 2109 1326 2156 sermone
1364 2090 1644 2167 reddidit,
1682 2094 1884 2151 tamen
1922 2088 2180 2150 dubitari
2219 2089 2441 2177 nequit,
2481 2088 2621 2166 quin
2658 2089 2928 2164 Romani,
2968 2090 3202 2167 quando
3242 2108 3372 2152 cum
3410 2091 3531 2153 illis
3570 2091 3845 2172 agebant,
3895 2113 4169 2157 sermone

1054 2206 1274 2269 graeco
1310 2188 1406 2250 usi
1443 2189 1579 2249 sint.
2185 2242 2191 2248 .
2772 2235 2808 2260 t„
2859 2238 2870 2245 .
3260 2262 3266 2268 ¹
3343 2253 3352 2261 ,
3927 2237 3933 2244 .

1296 2285 1694 2346 Transeamus
1731 2283 1916 2360 igitur
1952 2282 2025 2344 ad
2066 2281 2416 2344 Iudaeorum
2456 2288 2524 2343 et
2559 2281 2916 2344 Phoenicum
2971 2289 3202 2361 gentes.
3283 2284 3444 2345 Nihil
3498 2286 3651 2347 certi
3698 2286 3869 2348 nobis
3909 2304 3947 2348 a
3986 2290 4176 2366 scrip·

1057 2387 1192 2445 tore
1230 2381 1371 2444 libri
1408 2382 1469 2443 11
1507 2379 1996 2444 Maccahaeorum
2033 2386 2139 2442 aut
2179 2396 2217 2440 a
2252 2380 2505 2456 Iosepho
2544 2379 2833 2441 traditum
2885 2385 3007 2457 est,
3066 2396 3183 2456 quo
3236 2397 3504 2442 sermone
3555 2381 3799 2444 foedera
3836 2384 4077 2445 saeculo
4115 2385 4176 2446 11

1058 2497 1114 2543 a.
1155 2479 1293 2542 Chr.
1333 2479 1493 2539 inter
1529 2477 1826 2540 Romanos
1866 2482 1931 2538 et
1965 2476 2218 2537 Iudaeos
2255 2477 2378 2537 icta
2419 2482 2485 2537 et
2521 2475 2946 2553 Hierosolymis
2985 2477 3184 2553 posita
3226 2478 3560 2555 conscripta
3599 2478 3836 2541 fuerint.
3932 2483 4012 2542 At
4069 2481 4176 2544 de·

1063 2581 1230 2639 creta
1269 2576 1547 2639 Caesaris
1585 2579 1787 2637 aetate
1826 2573 1901 2634 de
1938 2573 2175 2635 Iudaeis
2213 2572 2376 2642 facta
2416 2573 2842 2650 Hierosolymis
2882 2591 3101 2653 graece
3143 2582 3208 2635 et
3243 2575 3425 2636 latine
3464 2577 3665 2653 posita
3718 2562 3851 2639 esse
3889 2578 4179 2655 Iosephus

1061 2677 1341 2735 testatur.
1417 2671 1632 2733 Adfert
1669 2670 1823 2731 enim
1860 2671 2094 2731 litteras
2134 2688 2172 2731 a
2212 2669 2471 2732 Caesare
2525 2675 2588 2731 et
2629 2671 2880 2732 Antonio
2937 2671 3014 2732 ad
3053 2669 3327 2733 Sidonios
3364 2672 3689 2750 Tyriosque
3736 2676 3954 2736 missas
4013 2677 4179 2753 (Ant.

1061 2770 1191 2832 Iud.
1227 2769 1368 2831 XIV
1400 2774 1492 2846 10,
1522 2772 1585 2841 23
1644 2772 1738 2845 12,
1762 2774 1816 2841 δ,
1857 2766 1931 2828 cf.
1973 2769 2155 2829 etiam
2199 2772 2291 2845 10,
2316 2767 2411 2845 3),
2471 2784 2544 2829 ex
2584 2766 2795 2844 quibus
2846 2767 2913 2828 id
2964 2767 3137 2859 facile
3191 2768 3473 2860 colligere
3526 2787 3852 2848 possumus.
3933 2771 4088 2834 Nam
4127 2775 4185 2835 si
4247 2802 4284 2809 -—
4381 2728 4392 2806 ’-

1069 2867 1293 2930 Caesar
1332 2872 1394 2929 et
1427 2864 1736 2938 Antonius,
1774 2870 1846 2926 ut
1879 2863 2018 2925 illae
2057 2863 2350 2940 epistulae
2394 2864 2628 2941 docent,
2672 2864 2946 2926 Sidonios
2983 2863 3308 2942 TyrIosque
3346 2865 3590 2929 decreta
3629 2867 3704 2929 de
3742 2869 3981 2931 Iudaeis
4020 2869 4183 2932 facta
4311 2875 4318 2878 ’

1062 2964 1356 3042 γράμμασι
1385 2961 1717 3036 Ῥωμαικῆς
1754 2984 1810 3022 n
1847 2969 1941 3021 aaz
1968 2959 2298 3036 Ἑλληνικοῖς
2348 2962 2411 3022 in
2448 2961 2686 3039 publico
2724 2979 2947 3039 ponere
2985 2960 3302 3036 iubebant,
3361 2979 3471 3040 pro
3512 2969 3676 3025 certo
3715 2962 3937 3026 habere
3974 2955 4184 3041 possu-

938 3127 945 3150 ι
1064 3079 1198 3124 mus
1235 3062 1394 3123 idem
1435 3061 1616 3122 etiam
1650 3059 1713 3120 in
1751 3059 1972 3121 Iudaea
2009 3075 2142 3120 esse
2188 3057 2429 3120 factum.
2512 3058 2661 3121 Cum
2710 3059 2894 3136 igitur
2946 3076 3103 3122 saec.
3142 3059 3176 3120 1
3214 3079 3268 3123 a.
3311 3061 3448 3123 Chr.
3488 3062 3911 3135 Romanorum,
3938 3061 4185 3125 decreta

1067 3148 1493 3235 Hierosolymis
1533 3156 1768 3237 graecis
1804 3156 2023 3244 litteris
2061 3155 2261 3233 posita
2299 3157 2438 3230 sint,
2479 3173 2594 3217 non
2630 3162 2758 3234 est,
2800 3173 2905 3217 cur
2941 3173 3056 3217 non
3095 3156 3255 3218 idem
3289 3157 3779 3221 Maccahaeorum
3817 3163 4021 3220 aetate
4058 3158 4185 3222 fac·

1066 3260 1195 3318 tum
1229 3272 1362 3317 esse
1398 3259 1705 3332 putemus,
1768 3270 1885 3330 qua
1924 3257 2126 3315 aetate
2163 3253 2413 3316 Romani
2453 3253 2573 3315 iam
2613 3253 2717 3315 diu
2754 3254 2834 3315 ad
2874 3254 3172 3333 agendum
3212 3272 3342 3317 cum
3383 3257 3601 3318 ceteris
3651 3256 3883 3333 populis
3936 3258 4185 3319 orientis

1072 3370 1293 3433 graeco
1332 3369 1602 3415 sermone
1641 3349 1962 3413 utebantur
1998 3357 2060 3413 et
2098 3351 2265 3412 illum
2302 3367 2635 3415 sermonem
2676 3351 2858 3413 etiam
2897 3352 3054 3412 inter
3091 3349 3343 3413 Iudaeos
3367 3352 3781 3431 pervulgatum
3805 3351 3992 3415 fuisse
4017 3370 4191 3416 nemo

1070 3449 1281 3512 nescit.
1359 3449 1453 3510 Ex
1495 3454 1627 3511 tota
1667 3453 1867 3510 autem
1907 3447 2127 3511 Iudaea
2166 3466 2283 3510 non
2322 3446 2610 3510 habemus
2640 3448 2767 3534 =nisi
2806 3465 2983 3510 unum
3036 3448 3277 3509 titulum
3323 3465 3603 3525 graecum
3619 3448 3661 3524 ¹,
3713 3455 3781 3511 ut
3826 3450 4095 3528 videtur,
4155 3469 4194 3514 a

1068 3546 1349 3609 Romanis
1373 3546 1680 3624 scriptum,
1719 3564 1895 3624 quem
1920 3549 2035 3610 iam
2062 3545 2347 3622 Iosephus
2375 3547 2541 3622 (Ant.
2557 3543 2684 3606 Iud.
2705 3544 2817 3606 XV
2839 3550 2930 3619 11,
2951 3551 3021 3618 ὃς
3061 3542 3201 3606 bell.
3229 3545 3357 3606 Iud.
3381 3545 3436 3607 V
3459 3552 3514 3623 δ,
3544 3549 3601 3624 2,
3637 3544 3903 3625 vum)
3930 3553 3996 3608 et
4019 3545 4193 3608 Philo

1073 3641 1161 3720 (11
1188 3646 1322 3704 57⁷.
1352 3646 1465 3704 591
1511 3642 1607 3703 ed.
1648 3641 1929 3720 Mangey)
1968 3649 2445 3717 commemorant,
2502 3644 2604 3719 qui
2642 3643 2853 3705 titulus
2892 3643 2947 3704 si
2984 3642 3391 3722 nonxflerodis
3430 3644 3652 3722 Magni,
3693 3649 3759 3705 at
3796 3649 3961 3705 certe
4000 3643 4195 3721 prima

1071 3737 1493 3813 imperatorum
1535 3736 1931 3799 Romanorum
1969 3743 2170 3799 aetate
2210 3737 2285 3798 ad
2327 3737 2613 3814 templum
2664 3736 2897 3813 positus
2945 3742 3056 3799 est.
3154 3739 3471 3816 Exemplar
3522 3757 3665 3803 vero
3714 3740 3890 3803 huius
3943 3741 4195 3818 inscrip-

1073 3834 1254 3895 tionis
1289 3834 1557 3910 latinum‚
1598 3832 1752 3910 quod
1794 3835 2092 3895 exstitisse
2133 3832 2420 3910 Iosephus
2459 3840 2524 3895 et
2563 3833 2733 3894 Philo
2771 3841 3048 3896 auctores
3087 3841 3245 3908 sunt,
3288 3835 3481 3899 adhuc
3522 3837 3775 3899 nondum
3815 3838 4084 3915 contigit,
4125 3842 4194 3900 ut

1072 3931 1456 4008 reperiretur.
1536 3930 1820 3994 Videmus
1858 3933 2037 4009 igitur
2074 3949 2149 3993 ex
2184 3931 2455 4008 reliquiis
2494 3936 2758 3993 actorum
2798 3930 3196 4009 publicorum,
3257 3949 3407 4009 quae
3446 3923 3749 4010 pertinent
3786 3934 3862 3995 ad
3902 3934 4198 3996 Romano·

1076 4042 1208 4087 rum
1246 4033 1311 4088 et
1348 4028 1595 4090 orientis
1632 4029 1895 4106 gentium
1932 4029 2367 4106 commercium,
2408 4045 2519 4105 per
2559 4045 2762 4090 omnes
2797 4034 3012 4106 terras,
3051 4029 3113 4088 in
3154 4027 3368 4106 quibus
3407 4030 3549 4091 inde
3588 4028 3665 4091 ab
3706 4030 4026 4093 Alexandri
4068 4030 4196 4091 Ma·
4291 4026 4296 4032 ’

1076 4125 1178 4201 gni
1218 4131 1420 4188 aetate
1460 4126 1819 4188 Graecorum
1856 4127 2094 4188 litterae
2133 4135 2198 4188 et
2247 4133 2410 4188 artes
2426 4171 2444 4200 ,
2512 4126 2875 4187 Graecorum
2929 4140 3124 4186 mores
3145 4170 3162 4198 ‚
3230 4125 3592 4206 Graecorum
3641 4142 3835 4187 sermo
3886 4124 4199 4199 florebant.

1080 4237 1409 4283 sermonem
1437 4220 1753 4298 publicum.
1792 4238 1908 4299 quo
1932 4239 2076 4285 usae
2100 4222 2217 4285 hae
2257 4230 2464 4299 gentes
2504 4230 2567 4285 et
2605 4223 2763 4285 inter
2802 4240 2869 4285 se
2909 4228 2972 4283 et
3011 4238 3142 4283 cum
3167 4222 3448 4283 Romanis
3486 4222 3763 4300 agebant,
3801 4222 3990 4285 fuisse
4027 4238 4201 4299 grae·

1080 4333 1229 4380 cum.
1312 4319 1507 4394 Atque
1545 4324 1615 4380 ut
1651 4336 1785 4382 cum
1818 4320 2057 4438 Iudaeis
2095 4326 2162 4382 et
2200 4320 2620 4393 Phoenicibus,
2665 4321 2755 4381 ita
2794 4337 2925 4381 cum
2964 4316 3291 4380 minoribus
3330 4317 3610 4398 gentibus
3650 4319 3827 4380 Asiae
3866 4317 4201 4382 barbaricis

1322 4561 1352 4612 1
1410 4556 1555 4614 adid.
1597 4555 1820 4614 titulum
1870 4556 2470 4616 clament-omme
2521 4558 2660 4615 Rev.
2699 4557 2933 4614 archeol.
2970 4556 3182 4613 XXIII
3228 4557 3379 4613 1872
3418 4574 3473 4630 p.
3503 4557 3620 4609 214
3677 4562 3733 4612 et
3787 4556 3903 4610 280
3929 4571 4076 4628 equ„
4133 4554 4202 4610 cf.

1080 4634 1381 4692 Mommsen
1412 4634 1783 4693 maGesch.
1825 4635 1879 4693 V
1915 4656 1971 4712 p.
1996 4638 2107 4694 518
2150 4635 2274 4693 adn.
2321 4641 2370 4692 1.
2452 4634 2638 4692 Verba
2675 4635 2823 4691 tituli
2863 4644 2991 4692 sunt
3025 4635 3197 4691 haece
3253 4635 3499 4704 Μηθένο
3543 4629 4206 4706 ἅλλογενῆ·ε1σκοξρειῖεσ-

1082 4714 1192 4770 θαι
1233 4712 1382 4782 inoff
1424 4712 1514 4770 τοῧ
1552 4710 1698 4789 πείρῐ
1736 4710 1799 4771 τό
1841 4715 1988 4788 ἱερὸν
2027 4712 2331 4791 ιρνφάπον
2369 4711 2492 4792 sall
2542 4712 2857 4787 περιβόλων·
2916 4714 2977 4782 ὃς
3026 4710 3153 4770 crau
3190 4709 3396 4789 ληφθῇ
3436 4706 3641 4769 laur&
3680 4710 3850 4777 αἴτιος
3888 4710 4061 4786 festus
4102 4707 4203 4766 διὰ

1081 4787 1147 4847 τὸ
1187 4788 1602 4872 &moloni-9⁸19
1636 4786 1903 4850 θάνατον.
2018 4786 2029 4796 ’
3441 4791 3450 4800 “
