4459 6067
2418 777 2535 837 110

900 926 1430 990 natuscousultum.
1508 925 1695 988 Immo
1729 925 2096 1001 intellegitur
2133 941 2208 986 ex
2246 923 2536 1002 omnibus,
2577 942 2732 1002 quae
2772 925 2980 1004 attuli,
3018 924 3275 987 decretis
3312 926 3561 988 maxime
3597 925 4025 1005 benevolentis,

905 1032 1088 1093 buam
1142 1029 1396 1121 Romani
1454 1045 1600 1106 ergs
1653 1026 1908 1091 Iudaeos
1960 1026 2396 1105 praestiterunt
2437 1027 2948 1102 Palaestinenses,
3003 1032 3324 1090 commotos
3377 1028 3632 1091 Iudaeos
3667 1029 3917 1091 Asianos
3968 1028 4036 1092 id

915 1135 1129 1212 efflsse,
1167 1138 1238 1195 ut
1273 1131 1424 1209 ipsis
1464 1148 1696 1210 quoqne
1734 1129 1926 1193 h‘bers
1961 1130 2270 1209 religionis
2309 1132 2660 1194 exercitatio
2698 1130 3155 1205 concederetur,
3193 1130 3369 1209 idque
3407 1132 3605 1210 egisse
3642 1131 3917 1210 Hyrcano
3953 1132 4037 1194 si·
4168 1209 4181 1218 .

909 1236 1040 1300 mul
1070 1253 1184 1314 pro
1219 1236 1310 1299 eis
1351 1235 1509 1313 apud
1546 1234 1739 1297 Asiae
1776 1235 2184 1312 proconsulem
2221 1234 2671 1297 interveniente.
2769 1233 2935 1307 Quae
2974 1251 3106 1296 cum
3143 1234 3232 1296 its.
3269 1233 3417 1305 sint.
3474 1233 3619 1294 mibi
3653 1234 3770 1311 ipsi
3809 1251 4038 1312 quoque

912 1329 1382 1404 Mendelssohnii
1420 1341 1762 1403 coniectura
1799 1340 1956 1402 omni
1994 1336 2378 1399 fundamento
2414 1336 2654 1401 videtur
2690 1355 2914 1401 carere.
3013 1337 3181 1411 Quod
3236 1336 3473 1415 quidem
3508 1338 3691 1400 etiam
3729 1336 3806 1400 ab
3844 1339 4038 1402 alters

914 1450 1090 1522 parte
1129 1443 1529 1507 demonstrari
1584 1424 1802 1520 potest.
1880 1440 2035 1503 Nam
2089 1439 2413 1502 secundum
2465 1441 2503 1518 g
2542 1446 2580 1502 8
2621 1441 2907 1503 Servilius
2943 1440 3241 1505 Isauricus
3292 1459 3423 1504 cum
3476 1440 3716 1503 Iudaeis
3763 1441 4036 1505 Parisnis

909 1546 1162 1610 liberam
1200 1547 1507 1624 religionis
1546 1546 2031 1608 exercitationem
2067 1543 2441 1621 concederet,
2482 1560 2599 1606 non
2638 1546 2982 1621 provocavit
3021 1547 3100 1608 ad
3126 1544 3693 1609 senatusconsultum
3723 1546 4033 1623 quoddam,
4118 1554 4130 1562 ·

911 1651 1022 1713 sed
1061 1650 1141 1712 sd
1180 1649 1370 1712 solum
1408 1649 1686 1712 caesaris
1723 1648 2023 1726 διάταγμα
2058 1648 2099 1710 i.
2141 1665 2195 1710 e.
2236 1647 2515 1726 edictum,
2556 1665 2629 1710 ex
2667 1664 2785 1724 quo
2820 1648 3062 1711 Iudaeis
3080 1650 3304 1713 Romae
3340 1647 3768 1727 babitantibus,
3804 1654 3874 1712 ut
3910 1649 4035 1713 suis
4078 1708 4101 1728 ν
4170 1654 4180 1663 “

914 1752 1145 1832 legibus
1184 1757 1516 1831 uterentur,
1552 1752 1904 1830 permissum
1942 1756 2091 1814 eret.
2163 1843 2178 1851 ρ

2439 1989 2506 2055 4.
2594 1954 2608 1962 ’

1149 2155 1462 2217 Postremo
1503 2153 1581 2215 de
1622 2153 1896 2230 epistulis
1934 2151 2073 2214 XIV
2106 2155 2199 2229 12,
2227 2157 2385 2215 3-6
2427 2158 2494 2215 et
2529 2153 2671 2216 XVI
2698 2157 2755 2227 6,
2785 2157 2938 2255 2-37
2968 2152 3219 2240 *brevius
3256 2152 3462 2217 licebit
3499 2155 3812 2218 disserere.

1139 2258 1300 2321 xlv
1333 2262 1426 2333 12,
1458 2262 1495 2319 3
1539 2257 1875 2321 continetur
1912 2256 2155 2318 Antonii
2195 2256 2454 2333 epistula
2494 2256 2571 2318 ad
2610 2255 2948 2334 Hyrcanum
2985 2259 3189 2333 missa,
3225 2257 3289 2320 in
3327 2275 3444 2336 qus
3480 2276 3614 2321 cum
3651 2259 3890 2321 Iudaeis
3924 2259 4046 2322 vic·

915 2363 1133 2425 teriam
1171 2362 1250 2425 de
1289 2361 1499 2425 Gamo
1537 2365 1904 2438 reportatam
1942 2358 2337 2422 communicat
2374 2364 2439 2421 et
2475 2361 2773 2436 promittit
2809 2376 2878 2422 se
2902 2360 3158 2424 Iudaeos
3197 2362 3461 2440 captivos
3499 2361 3839 2425 liberandos
3876 2380 4046 2425 cura-

916 2470 1122 2529 turum
1158 2465 1617 2543 Hyrcanumque
1655 2482 1695 2525 a
1713 2463 2020 2542 Tyriorum
2058 2462 2117 2525 vi
2161 2468 2225 2525 et
2263 2462 2480 2524 iniuria.
2520 2462 2897 2526 defensurum
2936 2480 3091 2542 esse,
3128 2465 3267 2528 XIV
3298 2471 3390 2538 12,
3417 2473 3456 2528 4
3496 2466 3757 2529 eiusdem
3796 2467 4050 2543 epistula

915 2568 998 2631 ad
1035 2568 1267 2647 Tyrios,
1308 2584 1428 2645 qua
1464 2567 1573 2644 illi,
1613 2566 1669 2629 si
1707 2567 1849 2643 quid
1879 2566 2119 2628 Iudaeis
2162 2565 2539 2644 abstulerint,
2576 2566 2640 2629 id
2682 2568 2771 2629 eis
2808 2567 3063 2632 reddere
3100 2567 3394 2645 iubentur,
3431 2569 3570 2632 XIV
3602 2573 3695 2650 12,
3723 2575 3759 2632 ὅ
3800 2568 4049 2648 denique

826 2656 834 2665 '
920 2676 1122 2735 mut
1152 2672 1345 2735 alten
1385 2670 1468 2733 aa
1493 2670 1703 2749 Tyrioe
1742 2670 2019 2748 epistula,
2059 2670 2156 2732 cui
2195 2670 2455 2733 edictum
2473 2671 2716 2733 Antonii
2754 2671 3050 2734 adiectum
3093 2679 3204 2735 est.
3281 2673 3365 2735 Et
3402 2674 3658 2752 epistula
3693 2680 3758 2737 et
3794 2675 4052 2738 edietum

918 2775 998 2837 sd
1037 2774 1279 2838 easdem
1316 2791 1418 2837 res
1456 2774 1760 2852 pertinent
1798 2779 1979 2851 atque
2017 2773 2345 2850 epistulae,
2408 2790 2563 2850 quae
2622 2775 2998 2839 antecedunt.
3101 2777 3367 2854 Scriptae
3423 2784 3563 2841 sunt
3602 2795 3710 2842 eae
3751 2779 4040 2856 epistulae

923 2879 1133 2956 primis
1170 2877 1474 2941 mensibus
1513 2897 1568 2941 a.
1597 2875 1809 2952 ω[αι’.
4136 2963 4163 2969 „

1153 2981 1299 3044 XVI
1324 2985 1383 3059 6,
1412 2985 1449 3042 2
1514 2981 1775 3044 edictum
1833 2924 2096 3060 Augusti
2144 2980 2314 3044 nobis
2385 2989 2689 3045 servatum
2757 2988 2853 3045 est
2917 2984 3219 3061 pertinens
3275 2985 3353 3047 ad
3408 2959 3662 3049 Iudaeos
3717 2987 4054 3064 provinciae

921 3087 1128 3161 Asine,
1167 3085 1388 3164 quibus
1422 3092 1561 3148 ante
1600 3085 1798 3149 omnia
1834 3090 1906 3148 ιιι
1939 3085 2064 3147 suis
2102 3072 2335 3163 legibus
2370 3090 2434 3148 et
2470 3084 2735 3149 moribus
2774 3090 3085 3149 uterentur
3123 3105 3460 3151 concessum
3498 3095 3610 3152 est.
3690 3090 3858 3164 Quod
3897 3091 4057 3154 edic-

918 3196 1052 3254 tum
1085 3190 1363 3268 Pergami
1410 3190 1742 3268 ponendum
1783 3191 2016 3253 curavit
2054 3192 2361 3268 Augustus
2381 3189 2437 3267 ⁸,
2494 3196 2560 3254 et
2615 3209 2688 3254 eo
2751 3192 2943 3269 magis
3002 3192 3307 3255 decretum
3340 3193 3419 3255 sd
3457 3194 3661 3256 Asiam
3697 3195 4058 3281 provinciam

920 3295 1229 3373 pertinere
1265 3294 1418 3356 vidit
1439 3294 1788 3370 Mommsen,
1827 3294 1985 3371 quod
2021 3294 2083 3356 in
2122 3311 2195 3356 eo
2234 3296 2640 3359 nominaretur
2680 3295 2746 3357 C.
2785 3296 3044 3358 Marcius
3085 3296 3438 3359 Censorinus
3455 3294 3498 3358 ⁸.
3578 3298 3693 3372 Qui
3730 3316 3862 3362 cum
3898 3300 4058 3362 circs

918 3416 976 3462 s.
1021 3396 1152 3474 ml·
1188 3429 1273 3444 —
1313 3396 1444 3469 '⁶⁰1⁸
1503 3398 1711 3460 Asiam
1767 3397 2309 3476 administraverit,
2379 3399 2502 3460 illis
2575 3398 2705 3461 fere
2769 3400 2940 3462 annis
2996 3400 3253 3463 edictum
3309 3400 3386 3464 ab
3439 3403 3706 3480 Augusto
3763 3404 4058 3482 consa-ip·

911 3512 1044 3570 tum
1080 3510 1198 3568 est.

1157 3609 1195 3688 5
1238 3614 1274 3671 3
1318 3608 1575 3688 legimus
1615 3607 1928 3686 epistulam
1966 3607 2222 3686 Augusti
2261 3606 2340 3669 ad
2380 3607 2448 3669 C.
2485 3606 2832 3671 Norbanum
2869 3608 2936 3670 0.
2974 3607 3018 3670 f.
3057 3610 3334 3673 Flaccum
3370 3610 3682 3687 missam⁸,
3741 3629 3818 3675 ne
3853 3613 4062 3676 Iudaei

919 3714 1232 3792 pecuniam
1273 3712 1685 3791 Hierosolyma
1720 3712 1962 3774 mittere
1998 3710 2471 3788 prohiberentur.
2551 3710 2865 3774 Norbanus
2902 3713 3082 3790 paulo
3117 3721 3255 3792 post
3288 3734 3549 3797 pugnam
3587 3717 3887 3781 Actiacam
3922 3735 4062 3795 pro-

918 3817 1291 3881 consulatum
1328 3816 1510 3878 Asiae
1547 3815 1886 3893 provinciae
1924 3814 2160 3877 videtur
2198 3813 2543 3878 obtinuisse.

1162 3922 1199 4001 5
1237 3926 1279 3984 4
1318 3922 1584 3984 continet
1624 3921 1943 3998 epistulam
1967 3922 2269 3998 Agrippae
2308 3920 2387 3982 ad
2406 3920 2700 3998 Ephesios
2737 3921 2896 3983 inter
2923 3939 2977 3983 s.
3003 3919 3078 3958 '⁸¹
3082 3922 3423 4001 lan—¹⁴71„
3462 3924 3801 4003 scriptsm⁸.
3879 3925 4061 3988 Wad-

924 4027 1177 4108 dington
1193 4027 1222 4066 θ
1256 4029 1412 4091 lianc
1452 4029 1768 4116 epistulam
1804 4026 2108 4091 referebat
2140 4029 2221 4093 ad
2262 4046 2506 4092 causam
2542 4029 2897 4092 ludaeorum
2935 4046 2991 4090 s.
3026 4023 3183 4101 '⁸⁸l1c
3223 4027 3384 4090 Sami
3422 4034 3635 4093 actam.
3715 4030 3894 4093 Cuius
3934 4046 4067 4094 cum

924 4133 989 4194 in
1024 4137 1160 4195 tots
1199 4132 1460 4210 epistula
1496 4149 1615 4195 non
1653 4130 1761 4195 flat
1798 4133 2309 4207 commemoratio,
2374 4130 2558 4195 Riese
2615 4149 2750 4195 eam
2787 4132 3143 4195 sententium
3178 4112 3534 4193 reiciendam
3573 4150 3707 4194 esse
3752 4134 3880 4196 iure
3920 4134 4068 4196 mibi

925 4235 1166 4299 videtur
1203 4236 1484 4298 dixisse.
1441 4234 1466 4274 ¹
1564 4234 1835 4298 Pertinet
1873 4236 2130 4312 epistula
2169 4235 2249 4297 sd
2291 4236 2545 4298 easdem
2568 4251 2710 4310 res,
2771 4252 2924 4314 quae
2961 4236 3024 4297 in
3063 4235 3098 4313 fi
3137 4239 3174 4296 2
3215 4239 3512 4298 tractatae
3550 4242 3706 4299 sunt.

1170 4449 3648 4562 1cf.Mendelssobnsenaticonsultsp..254eqs.,NieseHermesX1p4⁴78qu
3902 4453 4065 4511 see.

931 4525 4071 4611 MommsenresgestsediviAug.⁸p.Xsdn.1.def-eundemliommsenump.174,wsdding·

934 4606 1337 4681 tonsastesp.
1371 4608 1482 4663 102
1522 4608 1696 4662 ιι.62
1980 4609 2019 4663 4
2076 4602 3592 4681 ᾶοΝοιῐιωοοίὶἮαᾱᾶἱῃςιοιίἰωιωΡηδδιῦΟ

879 4678 2004 4757 -liominseuresgestsediviAug.¹
2040 4685 2263 4758 p.118.
2458 4683 3040 4760 data-tespmvl
3280 4684 4071 4762 7ctHermesHp.480

936 4761 1149 4821 udal.
