4459 6067
348 924 389 968 a
424 906 706 967 Romanis
743 900 978 982 semp‘er
1013 921 1229 982 graece
1284 910 1484 967 actum
1538 922 1671 968 esse
1728 906 1994 982 exempla
2043 904 2500 969 luculentissima
2553 911 2694 969 sunt
2740 912 3117 971 monumenta
3152 923 3306 986 quae
3339 926 3446 973 vo-

351 1009 575 1065 cantur·
599 1004 968 1079 Ancyranum
1005 1007 1069 1065 et
1104 1003 1569 1080 Apolloniense,·
1604 1019 1757 1080 quae
1797 1002 1954 1065 Galli
2002 1019 2215 1080 graece
2253 1008 2316 1064 et
2351 1002 2533 1065 latine
2571 1002 2809 1078 templis
2847 1003 2969 1065 divi
3006 1004 3265 1084 Augusti
3297 1004 3445 1067 inci·

352 1100 547 1161 denda
584 1104 954 1161 curaverunt.

579 1195 703 1257 Iam
756 1211 866 1257 nos
916 1200 1216 1257 vertamus
1270 1194 1347 1256 ab
1404 1198 1541 1256 ortu
1593 1193 1672 1255 ad
1726 1211 1997 1257 occasum
2049 1194 2210 1257 solis.
2279 1192 2581 1273 ,Polybius
2633 1193 2813 1273 igitur
2864 1197 2980 1274 (ΠΙ
3009 1197 3271 1276 22—25)
3321 1213 3445 1260 me-

348 1292 573 1353 moriae
610 1291 799 1353 tradit
849 1291 970 1352 tria
1006 1290 1251 1352 foedera
1288 1308 1327 1353 a
1362 1291 1644 1352 Romanis
1700 1307 1830 1353 eum
1871 1289 2473 1379 Carthaginiensibus,
2500 1308 2658 1354 saec.
2694 1292 2946 1355 V1—111
2983 1311 3040 1356 a.
3082 1292 3225 1357 Chr.
3263 1291 3445 1372 facta,

350 1405 596 1466 quorum
637 1388 994 1465 exemplaria
1029 1387 1217 1450 latina
1255 1405 1323 1449 se
1359 1386 1490 1464 ipse
1530 1387 1909 1449 transtulisse
1948 1386 2110 1449 dicit.
2208 1389 2420 1472 Atque·
2444 1387 2679 1451 etiamsi
2712 1388 2833 1451 illis
2871 1387 3237 1466 temporibus
3273 1406 3442 1452 nemo

350 1486 573 1562 comtet
610 1484 1128 1562 Carthaginienses
1165 1483 1384 1563 agendi
1423 1499 1607 1545 causa
1645 1500 1778 1545 cum
1814 1483 2095 1545 Romanis
2133 1500 2273 1545 usos
2311 1501 2442 1547 esse
2478 1501 2745 1548 sermone
2779 1503 3028 1565 graeco,
3083 1491 3283 1548 tamen
3318 1485 3442 1549 Ha·

350 1583 612 1645 milcaris
652 1588 714 1644 et
752 1580 1105 1643 Hannibalis
1145 1584 1346 1642 aetate
1385 1579 1588 1641 nescio
1627 1596 1704 1640 an
1746 1580 1921 1642 aliter
1958 1596 2055 1642 res
2093 1596 2162 1642 se
2196 1577 2485 1642 habuerit.
2560 1579 2716 1642 Nam
2749 1581 2869 1644 illis
2908 1579 3271 1658 temporibus
3307 1597 3441 1644 cum

352 1695 546 1741 sermo
586 1694 839 1757 graecus
890 1667 1071 1739 etiam
1110 1676 1469 1753 Carthagine
1520 1675 1761 1738 floreret
1778 1722 1795 1750 ,
1858 1677 2169 1738 verisimile
2220 1682 2315 1738 est
2364 1677 2653 1740 Romanos
2703 1683 2767 1740 et
2804 1678 3328 1759 Carthaginienses
3366 1694 3440 1741 eo

351 1789 620 1835 sermone
658 1790 798 1835 usos
838 1786 972 1835 esse
985 1819 1002 1847 ‚
1038 1774 1139 1849 qui
1178 1789 1309 1834 cum
1349 1773 1616 1849 utrisque
1654 1778 1830 1834 notus
1869 1778 2044 1847 esset,
2106 1772 2184 1835 ad
2221 1776 2626 1837 commercium
2666 1777 2822 1838 inter
2858 1776 2994 1837 illos
3031 1775 3281 1852 populos
3317 1791 3446 1837 ma-

349 1872 506 1933 xime
544 1877 676 1933 erat
710 1871 975 1932 idoneus.
1075 1869 1244 1942 Quod
1283 1870 1537 1947 denique
1575 1870 1863 1948 reliquam
1903 1868 2176 1946 Africam,
2216 1870 2574 1948 Hispaniam,
2614 1869 2885 1944 Galilam,
2924 1870 3258 1933 Sardiniam
3297 1870 3443 1934 Cor·
3515 1853 3528 1869 ’

351 1967 565 2044 sicam,
620 1967 834 2044 quippe
874 1985 1117 2044 quarum
1158 1967 1422 2029 condicio
1461 1967 1638 2043 plane
1674 1967 1802 2028 alia
1840 1966 2019 2028 fuerit
2071 1973 2249 2043 atque
2303 1972 2594 2028 terrarum
2648 1973 2712 2029 et
2747 1968 3044 2047 gentium,
3100 1969 3175 2030 de
3229 1965 3440 2045 quibus

352 2063 471 2125 iam
510 2063 635 2140 egi,
690 2064 848 2140 quod
883 2065 996 2126 lias
1034 2064 1282 2141 attinet,
1341 2068 1625 2141 quantum
1664 2080 1738 2124 ex
1791 2064 2029 2140 scriptis
2081 2062 2330 2140 publicis
2369 2063 2756 2125 Romanorum
2791 2061 2877 2124 ibi
2915 2063 3170 2126 servatis
3208 2064 3442 2126 conclu-

354 2158 498 2221 dere
534 2176 875 2236 possumus,
930 2177 1166 2237 semper
1202 2161 1453 2221 Romani
1493 2160 1601 2246 2⁶...
1609 2178 1720 2242 spa
1757 2160 1998 2222 decreta
2033 2158 2266 2237 publice
2304 2159 2571 2222 facienda
2607 2160 2700 2222 usi
2737 2164 2877 2222 sunt
2916 2176 3186 2222 semona
3238 2159 3445 2222 latino.
3534 2163 3548 2174 “

588 2258 873 2331 Quoniam
910 2258 1092 2335 igitur
1107 2303 1125 2336 ‚
1186 2275 1339 2336 quae
1377 2263 1442 2319 et
1478 2256 1580 2318 ubi
1620 2258 1744 2319 sint
1780 2257 2062 2334 reliquiae
2096 2262 2364 2319 actorum
2416 2255 2778 2333 publicorum
2825 2274 2865 2318 a
2902 2254 3183 2318 Romanis
3232 2271 3445 2333 graeco

352 2355 706 2432 scriptorum
752 2354 1016 2416 breviter
1064 2354 1396 2431 attigimus,
1454 2354 1572 2415 iam
1614 2353 1961 2416 accedamus
2020 2352 2098 2415 ad
2151 2353 2339 2430 ipsam
2390 2369 2565 2430 quam
2614 2351 2783 2416 nobis
2830 2353 3242 2430 proposuimus
3298 2361 3443 2413 remz

353 2453 548 2530 Atque
583 2453 697 2514 boc
734 2451 940 2513 ordine
978 2468 1081 2513 res
1118 2449 1422 2513 tractabo:
1483 2452 1740 2527 primum
1773 2451 1873 2528 qui
1911 2450 2346 2512 fundamentum
2380 2450 2564 2512 totius
2602 2449 2965 2526 quaestionis
3004 2445 3270 2510 efficiunt
3285 2491 3305 2524 ,
3365 2445 3446 2508 ti·

214 2607 229 2613 -
355 2550 515 2613 tulos
553 2549 970 2612 commentario
1007 2548 1332 2609 instructos
1370 2548 1459 2609 ita
1498 2547 1862 2625 describam,
1913 2555 1981 2610 ut
2016 2550 2266 2625 primum
2304 2548 2491 2610 locum
2527 2552 2769 2610 teneant
2806 2545 3133 2622 epistulae,
3194 2544 3446 2607 alterum
3503 2595 3515 2606 .

355 2647 892 2720 senatusconsulta,
928 2646 1171 2707 tertium
1210 2644 1471 2707 foedera.
1549 2644 2082 2708 Senatusconsultis
2121 2650 2318 2707 autem
2351 2644 2646 2722 plerisque
2685 2647 2750 2706 et
2783 2639 3143 2716 foederibus,
3198 2657 3328 2703 cum
3363 2637 3446 2702 ad

356 2744 596 2809 verbum
636 2762 709 2805 ex
744 2759 1013 2805 sermone
1051 2741 1238 2804 latino
1275 2741 1573 2803 translata
1609 2743 1749 2815 sint.
1807 2742 2105 2822 versiones
2142 2741 2359 2804 latinas
2397 2740 2625 2803 addam.
2703 2736 2931 2801 Deinde
2969 2738 3161 2815 ipsam
3199 2734 3415 2798 deser

272 2839 287 2846 ’
356 2861 528 2906 mone
564 2842 870 2903 instituam
906 2839 1311 2916 quaestionem
1346 2838 1590 2915 eiusque
1628 2824 1835 2899 finem
1850 2817 2070 2899 faciam
2118 2838 2180 2899 in
2230 2837 2444 2899 iudicio
2480 2836 2557 2898 de
2595 2852 2790 2898 rerum
2826 2823 3131 2913 gestarum
3166 2831 3289 2894 divi
3326 2832 3449 2894 Au·

3451 2726 3536 2740 *-

254 2967 290 2973 -·
357 2940 515 3019 gusti
553 2937 823 3000 versione
861 2954 1100 3017 graeca.
1178 2936 1248 2998 In
1287 2934 1471 2998 tertia
1508 2934 1763 3011 denique
1803 2940 1973 3011 parte
2011 2933 2088 2997 de
2126 2935 2214 2997 eis
2252 2936 2401 2997 actis
2435 2932 2683 3012 publicis
2720 2949 2917 3042 agam,
2980 2947 3132 3009 quae
3169 2930 3448 3007 leguntur

355 3038 516 3114 apud
554 3037 893 3114 scriptores.
